3012 4872
675 298 836 436 „2⁶4

291 534 329 598 Hi
351 555 454 596 versus
477 533 679 608 intercalares,
710 535 836 609 rcfrnn,
865 532 992 610 refrim,
1021 532 1144 610 rcferrc
1170 573 1204 581 -
1233 536 1284 618 qui

225 648 330 733 populi
365 659 417 710 aut
451 648 613 708 communis
647 660 732 710 erant
766 665 804 710 cx
833 646 1011 728 carminibus
1040 669 1057 708 a
1087 647 1209 732 singulis
1236 646 1284 708 vel

224 763 327 846 paucis
360 760 473 833 relatis,
509 763 628 845 cognati
663 760 782 846 quidem
812 763 1027 834 consonantiis,
1064 759 1167 822 eodem
1195 762 1283 821 immo

225 896 296 936 vero
319 877 418 958 priore
440 885 572 956 tempore
596 873 781 958 reperiundi,
807 886 904 936 tamen
925 896 943 935 a
966 875 1166 935 consonantiis
1182 871 1284 934 distin-

160 990 167 994 ’
226 971 335 1072 gucndi
356 1007 452 1071 neque
476 1007 542 1048 cum
564 989 600 1048 iis
624 985 823 1050 confundendi
846 998 916 1048 sunt
929 979 958 1065 ¹).

294 1098 527 1175 Consonantiae,
565 1120 638 1184 quas
667 1103 840 1162 vocavimus
870 1097 1180 1174 „Zmimltcaret'mc”
1216 1111 1285 1160 sunt

226 1214 313 1277 binae
337 1215 561 1287 consonantiae,
586 1205 701 1297 'quibus
723 1235 843 1287 versus,
873 1212 1046 1297 plerumque
1067 1212 1202 1286 brevior,
1234 1210 1284 1276 ad·

223 1329 321 1412 jectus
352 1339 411 1401 cst,
442 1303 501 1388 cui'
518 1325 591 1388 alter
617 1348 736 1402 versus,
768 1327 873 1389 alteras
901 1325 987 1388 binas
1011 1326 1218 1388 consonantias
1241 1346 1285 1387 se·

229 1462 321 1527 quens
350 1438 525 1524 respondet,
558 1442 600 1502 ita
627 1452 662 1502 ut
689 1440 762 1502 haec
784 1440 880 1525 figura
903 1437 1099 1502 demonstrat:
1129 1436 1283 1498 acbccb.

227 1555 280 1617 His
305 1555 503 1615 consonantiis
534 1591 569 1600 —
604 1554 698 1613 rimae
721 1555 829 1614 coccae
864 1592 899 1600 -
933 1562 1040 1636 po'c‘tac
1068 1525 1155 1636 primi
1178 1551 1286 1614 saeculi

229 1666 408 1740 duodecimi,
434 1669 484 1750 qui
508 1664 647 1728 dicuntur
673 1665 910 1739 Tmoleticum,
929 1666 992 1750 jam
1015 1669 1061 1727 usi
1084 1677 1169 1740 sunt,
1196 1686 1286 1750 quum

229 1782 438 1844 consonantiae
472 1779 701 1864 interlaqueatae
739 1819 774 1826 -
812 1780 906 1839 rimae
942 1779 1077 1838 croisees
1110 1817 1145 1825 -
1182 1789 1287 1862 postca

229 1893 346 1958 demum
367 1894 560 1977 reperiantur.
601 1889 819 1956 Consonantiae
842 1887 972 1972 (rimae)
996 1893 1106 1952 coccea
1130 1912 1168 1952 cx
1181 1889 1287 1952 Wolfii

229 2007 372 2071 sententia
394 2008 435 2067 ita
458 2008 652 2070 exstiterunt:
679 2005 727 2068 Ex
748 2008 833 2090 potsi
855 1984 944 2069 medii
961 2007 1026 2068 aevi
1042 2003 1182 2088 populari
1197 2002 1288 2064 latina

230 2120 306 2185 duae
330 2117 469 2183 versuum
495 2122 606 2204 speeies
627 2130 714 2182 natac
735 2131 820 2182 sunt:
854 2139 958 2181 versus
982 2117 1109 2190 leonini,
1137 2114 1243 2180 breves
1259 2128 1289 2179 et

232 2236 364 2297 continui
381 2244 410 2294 et
423 2253 528 2294 versus
544 2231 670 2308 caudati,
690 2236 709 2294 i.
724 2255 748 2295 e.
765 2233 870 2296 stichia
886 2234 1035 2305 continua,
1053 2229 1131 2293 binis
1146 2228 1288 2292 brevibus

229 2345 435 2420 hemistichiis,
454 2366 576 2408 caesura
592 2345 693 2408 divisis
710 2349 881 2430 composita.
907 2343 1034 2409 Caudati
1049 2355 1119 2405 sunt
1134 2343 1286 2427 appellati,

231 2463 301 2547 quia
323 2461 531 2522 consonantiae
553 2481 614 2522 non
636 2461 667 2522 in
689 2459 797 2522 finibus
819 2459 1084 2532 hemistichiorum,
1110 2456 1214 2520 sedin
1230 2456 1288 2520 fine

231 2569 350 2655 (cauda)
365 2573 462 2634 stichii
477 2583 568 2635 erant.
591 2572 701 2636 Postea
715 2572 847 2636 caudatis
862 2595 966 2635 versus
981 2570 1080 2634 brevis
1094 2569 1184 2632 modo
1200 2573 1289 2632 inter·

231 2687 370 2751 celarium
394 2685 526 2768 adjectus
542 2698 584 2761 et,
609 2687 721 2780 stichiis
742 2689 772 2748 in
788 2685 925 2770 strophas
942 2685 1057 2757 divisis,
1084 2682 1179 2746 cauda
1190 2678 1212 2762 ¹)
1235 2705 1289 2744 no·

230 2803 358 2864 minatus
382 2810 434 2861 est.
474 2799 507 2860 ln
537 2799 668 2862 caudatis
691 2802 844 2884 tripertitis
866 2820 970 2862 versus
992 2798 1100 2860 leonini
1121 2808 1151 2859 et
1172 2795 1289 2859 caudati

232 2914 381 2996 conjuncti
404 2923 482 2973 sunt.
518 2912 747 2997 Tripertitorum
766 2912 871 2974 stichia
885 2912 980 2975 tribus
996 2910 1146 2986 membris,
1171 2909 1290 2973 duobus

230 3024 420 3089 hemistichiis
443 3039 473 3088 et
496 3025 590 3088 cauda
611 3024 823 3088 formabantur.
859 3025 1048 3090 Hemistichia
1064 3022 1154 3086 modo
1172 3023 1289 3086 leonino

232 3137 449 3214 consonabant,
483 3151 512 3204 et
539 3161 644 3203 versus
672 3139 773 3202 finales
804 3150 856 3201 aut
878 3139 1065 3203 intercalares
1089 3139 1291 3200 consonantiis

231 3252 368 3316 finalibus
401 3251 604 3316 nectebantur.
657 3251 777 3316 Stichiis
805 3256 836 3314 in
864 3251 1002 3337 strophas
1032 3250 1148 3325 divisis,
1185 3271 1290 3312 eonsc-

231 3369 348 3429 nantiac
371 3342 490 3445 (rimas)
515 3367 626 3426 condes
650 3368 840 3441 exstiterrmt,
865 3365 941 3428 hane
959 3363 1151 3451 principalem
1166 3361 1290 3425 sormam

232 3479 411 3564 strophicam
435 3482 595 3542 carminum
616 3480 806 3565 popularium
819 3492 995 3565 sequentes:
1019 3475 1172 3540 calech.
1212 3476 1290 3537 Tum

233 3593 321 3657 docta
349 3595 448 3677 potsis
483 3592 570 3654 medii
599 3595 663 3654 aevi
690 3595 810 3654 metrica
840 3591 910 3654 iecit
937 3590 1097 3676 dactylicos
1126 3591 1291 3674 tripertitos

234 3705 376 3778 caudatos
388 3700 419 3785 ³).
461 3685 574 3770 Nomen
598 3708 694 3790 ipsum
718 3707 839 3780 ,‚rimcs
864 3706 994 3768 ooceer”
1028 3727 1076 3767 eas
1099 3726 1117 3765 a
1138 3705 1291 3788 tripertitis

232 3878 444 3890 ...β-..-

291 3983 309 4049 ¹)
338 3981 430 4034 Wolf
450 3981 498 4033 loo.
519 3984 558 4036 eit.
582 4000 638 4054 pag.
659 3981 700 4036 18.
720 4001 776 4053 sqq.

291 4080 310 4145 ⁸)
339 4077 433 4130 Woli
452 4077 500 4129 loe.
520 4080 560 4130 eit.
584 4096 641 4150 pag.
662 4077 721 4131 198.

290 4175 310 4240 ³)
338 4173 528 4237 Lachmann,
552 4175 615 4228 tiber
634 4175 674 4227 die
692 4175 797 4238 Leiehe,
823 4191 878 4245 pag.
898 4170 1056 4227 427-429,
