3012 4872
676 356 863 464 As...

253 559 370 624 saeculo
394 560 517 644 septimo
533 555 563 638 ¹),
593 561 695 624 ultimo
724 562 841 636 saeculo
872 561 1046 626 duodecimo
1077 528 1110 626 in
1128 564 1311 628 Britanniam
1406 617 1408 628 .

252 679 399 759 ingressa,
424 670 504 758 apud
525 671 772 738 Franco-Gallos
802 677 1016 761 quinquaginta
1046 679 1129 743 annis
1151 689 1222 762 post
1243 699 1310 762 per·
1404 751 1407 756 p

252 785 328 849 fecta
351 798 409 862 est,
435 807 523 871 quarn
547 790 772 862 consonantiae,
798 808 874 872 quae
898 769 1057 864 „cone'es”
1079 801 1227 852 vocantur
1242 787 1274 869 ²).

318 898 409 961 Wolf
435 898 470 961 de
500 902 699 962 consonantiis
728 901 947 985 interiaqueatis
969 901 1118 986 praeclare
1146 900 1217 963 dicit
1239 897 1305 982 (loc.

253 1016 300 1075 cit.
324 1033 392 1098 pag.
410 1007 504 1093 nott:
525 1050 560 1060 -
586 1011 694 1088 „ancli
721 1014 794 1073 sind
821 1015 908 1074 disse
935 1033 1045 1074 onena
1072 1013 1308 1093 interloquenti,
1351 1002 1352 1008 ἵ

253 1127 497 1188 concatenatio.
522 1145 549 1188 a.
572 1147 610 1186 na.
639 1125 726 1187 raiclat
753 1127 811 1188 nie
839 1126 890 1187 die
921 1125 1169 1207 oollcsnnisse'p'en
1197 1126 1311 1186 leonini

253 1221 318 1299 nntl
346 1239 473 1300 cundati
499 1259 557 1298 ons
587 1240 672 1300 einer
697 1241 804 1300 innern
831 1239 1121 1321 Notlnoendiplcee‘t,
1152 1261 1212 1301 nnc
1241 1241 1310 1300 dem

252 1350 476 1429 Bedeirfnlsse,
504 1351 573 1412 dem
598 1350 684 1413 Olore
711 1353 770 1414 dos
794 1349 1130 1435 Znsnrnmenqelao'rlpe'
1158 1354 1232 1415 oder
1260 1353 1311 1413 die

251 1465 484 1548 rhythmisclten
506 1465 658 1527 Selllisse
685 1466 889 1528 vernelmbnr
916 1487 955 1526 zu
977 1467 1121 1542 moclena,
1144 1468 1310 1548 leruorqe-

190 1623 193 1628 ·
250 1600 389 1662 panqen,
418 1578 481 1638 and
510 1578 603 1639 seleon
633 1579 745 1641 darum
771 1581 858 1642 nlelt
886 1582 919 1641 in
946 1580 1003 1641 der
1032 1579 1232 1659 Volkcpoesie
1260 1579 1310 1640 be-

250 1693 400 1775 qrsindet,
422 1692 573 1754 ntetmetr
588 1693 732 1755 schelnen
748 1697 795 1756 sie
811 1695 859 1770 ost
873 1715 931 1754 nnr
946 1697 994 1754 ein
1010 1693 1201 1754 lrlnctliclces
1217 1693 1311 1773 Spiel

250 1807 307 1868 der·
322 1804 506 1880 Sclereiber‚
528 1790 644 1867 neelelte
657 1807 708 1868 dle
719 1807 898 1884 parallelen
918 1807 1150 1889 rhythmiselten
1170 1805 1310 1881 Glz'eder,

259 1919 440 1995 Versfitsse,
454 1922 497 1998 jae
518 1918 697 1980 manchmnl
710 1939 805 2001 sopor
819 1921 870 1980 die
885 1921 1041 1982 einzelnen
1060 1921 1186 1982 Wiirter
1200 1907 1310 1980 aniene

250 2033 325 2094 oder
346 2030 504 2093 melererer
518 2011 993 2114 untereinonderqeseltrlebener
1007 2018 1212 2114 Lanqeer'len,
1232 2033 1309 2094 niel-

251 2147 347 2210 tetctt
368 2145 457 2206 melan
478 2145 547 2206 dem
569 2143 660 2226 Anpe
683 2166 721 2206 zu
746 2141 896 2222 Gefnllen
918 2145 1255 2208 zusammenreimten.”

317 2259 386 2322 Non
410 2270 456 2320 est
477 2257 662 2320 infitiandum
685 2258 789 2320 Wolfii
816 2258 914 2322 verha'
938 2260 974 2323 de
998 2263 1197 2335 consonantiis
1220 2262 1309 2322 inter·

142 2393 156 2462 Ι·
253 2366 396 2460 laqueatis
420 2371 508 2434 etde
530 2371 746 2448 consonantiis,
779 2393 854 2458 quae
881 2386 1028 2436 vocantur
1057 2373 1215 2448 „cone'ec”
1238 2396 1310 2436 vera

147 2556 154 2563 ,
252 2498 281 2550 et
303 2485 455 2572 praeclara
477 2500 554 2562 esse,
580 2507 671 2571 quare
693 2485 751 2548 hoc
765 2487 831 2548 loco
845 2485 977 2550 breviter
993 2490 1082 2549 citata
1096 2499 1181 2561 sunt,
1206 2507 1308 2571 quam-

249 2603 295 2662 vis
319 2599 358 2662 ad
378 2602 484 2684 po‘e‘sin
505 2599 680 2661 theotiscam
700 2601 816 2662 minime
831 2603 1007 2684 pertineant.
1037 2599 1101 2662 Etsi
1115 2599 1226 2685 ubique
1243 2623 1308 2662 cum

250 2713 364 2775 Wolfio
388 2711 498 2775 formas
531 2721 657 2796 polseos
686 2715 860 2775 intrinsecus
889 2713 983 2775 excoli
1010 2712 1188 2797 probamus,
1211 2726 1309 2776 tamen

168 2893 177 2908 ,
251 2829 457 2889 consonantias
486 2825 714 2910 interlaqueatas
743 2835 900 2911 po'e'tarurn
934 2838 1124 2900 externorum
1151 2825 1309 2890 traditione

249 2951 429 3024 propagatas
446 2961 509 3002 esse
527 2937 723 3002 concedimus.
749 2937 967 3002 Consonantiae
981 2942 1107 3024 positio,
1125 2960 1200 3025 quae
1214 2943 1310 3025 prima

249 3054 280 3114 in
302 3055 388 3138 polsi
410 3053 555 3116 theotisca
577 3051 616 3116 nd
632 3054 839 3116 consonantias
862 3054 1090 3139 interloquentes
1107 3063 1169 3119 esse
1191 3054 1309 3118 videtur

251 3165 404 3230 referenda

704 3330 735 3396 1.
766 3325 851 3399 Orbi

665 3450 729 3516 (dte
758 3449 895 3514 Watsen)

146 3640 149 3645 ,
248 3588 333 3652 sunt,
357 3580 376 3639 i.
403 3597 426 3638 e.
451 3577 527 3638 inter
548 3567 652 3638 versus
676 3590 871 3642 consonantes
892 3599 969 3639 unus
986 3579 1147 3660 reperitur,
1173 3577 1220 3636 cui
1242 3576 1308 3638 nul·

248 3690 293 3752 lus
309 3688 477 3774 respondet.
504 3687 629 3752 Carmen
653 3689 696 3752 de
718 3690 877 3776 pulchra
899 3691 1032 3774 regina
1054 3682 1307 3767 Britannica³l
1364 3727 1377 3744 .

307 3911 324 3977 ¹)
355 3909 488 3973 Santen,
513 3911 543 3962 ad
564 3911 667 3965 Terent.
680 3913 760 3965 Maur.
780 3931 803 3983 p.
817 3911 878 3966 208.
900 3942 932 3950 -
953 3913 1052 3965 Galesi
1071 3910 1110 3973 ll,
1129 3909 1228 3980 p.281.
1247 3909 1306 3967 282.

249 4035 282 4044 —-
309 4005 398 4068 Diez,
425 4023 481 4076 pag.
502 4003 560 4059 100.
580 4007 638 4060 101.

305 4103 324 4168 ²)
353 4100 444 4154 Wolf
460 4100 508 4152 loc.
529 4102 569 4153 cit.
588 4121 644 4174 pag.
657 4103 718 4168 206,
738 4106 795 4158 Not.
811 4103 852 4157 42.
936 4173 938 4177 .

305 4200 324 4264 ³)
351 4197 411 4250 Dor.
431 4195 556 4262 Miscll,
579 4197 635 4252 199.
