<?xml version="1.0" encoding="UTF-8"?>
<!DOCTYPE html PUBLIC "-//W3C//DTD XHTML 1.0 Transitional//EN"
    "http://www.w3.org/TR/xhtml1/DTD/xhtml1-transitional.dtd">
<html xmlns="http://www.w3.org/1999/xhtml" xml:lang="en" lang="en">
 <head>
  <title>
</title>
<meta http-equiv="Content-Type" content="text/html;charset=utf-8" />
  <meta name='ocr-system' content='tesseract 3.04.00' />
  <meta name='ocr-capabilities' content='ocr_page ocr_carea ocr_par ocr_line ocrx_word'/>
</head>
<body>
  <div class='ocr_page' id='page_1' title='image "./detheotiscaepos00meyegoog_0049.png"; bbox 0 0 3012 4872; ppageno 0'>
   <div class='ocr_carea' id='block_1_1' title="bbox 657 321 834 430">
    <p class='ocr_par' dir='ltr' id='par_1_1' title="bbox 657 321 834 430">
     <span class='ocr_line' id='line_1_1' title="bbox 657 321 834 430; baseline 0 0"><span class='ocrx_word' id='word_1_1' title='bbox 657 321 834 430; x_wconf 52' lang='grc' dir='ltr'><strong><em>Α</em></strong></span> 
     </span>
    </p>
   </div>
   <div class='ocr_carea' id='block_1_2' title="bbox 225 523 1284 1066">
    <p class='ocr_par' dir='ltr' id='par_1_2' title="bbox 225 523 1284 726">
     <span class='ocr_line' id='line_1_2' title="bbox 289 523 1284 613; baseline 0.001 -22"><span class='ocrx_word' id='word_1_2' title='bbox 289 529 322 591; x_wconf 94' lang='lat' dir='ltr'><strong>ln</strong></span> <span class='ocrx_word' id='word_1_3' title='bbox 343 527 433 590; x_wconf 88' lang='lat' dir='ltr'><strong>latina</strong></span> <span class='ocrx_word' id='word_1_4' title='bbox 456 524 543 590; x_wconf 92' lang='lat' dir='ltr'><strong>medii</strong></span> <span class='ocrx_word' id='word_1_5' title='bbox 567 529 632 590; x_wconf 90' lang='lat' dir='ltr'><strong>aevi</strong></span> <span class='ocrx_word' id='word_1_6' title='bbox 654 529 740 612; x_wconf 76' lang='lat' dir='ltr'><strong>poesi</strong></span> <span class='ocrx_word' id='word_1_7' title='bbox 761 548 866 591; x_wconf 82' lang='lat' dir='ltr'><strong>versus</strong></span> <span class='ocrx_word' id='word_1_8' title='bbox 892 526 1029 612; x_wconf 80' lang='lat' dir='ltr'>dactylici</span> <span class='ocrx_word' id='word_1_9' title='bbox 1051 528 1190 613; x_wconf 80' lang='lat' dir='ltr'><strong>tripertiti</strong></span> <span class='ocrx_word' id='word_1_10' title='bbox 1215 523 1284 592; x_wconf 82' lang='lat' dir='ltr'><strong>cau-</strong></span> 
     </span>
     <span class='ocr_line' id='line_1_3' title="bbox 225 634 1268 726; baseline 0 -20"><span class='ocrx_word' id='word_1_11' title='bbox 225 641 286 706; x_wconf 90' lang='lat' dir='ltr'><strong>dati</strong></span> <span class='ocrx_word' id='word_1_12' title='bbox 309 641 441 705; x_wconf 88' lang='lat' dir='ltr'><strong>circulati</strong></span> <span class='ocrx_word' id='word_1_13' title='bbox 465 643 665 704; x_wconf 81' lang='lat' dir='ltr'><strong>consonantiis</strong></span> <span class='ocrx_word' id='word_1_14' title='bbox 688 640 877 726; x_wconf 81' lang='lat' dir='ltr'><strong>tangentibus</strong></span> <span class='ocrx_word' id='word_1_15' title='bbox 900 641 1036 704; x_wconf 88' lang='lat' dir='ltr'><strong>simillimi</strong></span> <span class='ocrx_word' id='word_1_16' title='bbox 1060 653 1144 703; x_wconf 92' lang='lat' dir='ltr'><strong>erant</strong></span> <span class='ocrx_word' id='word_1_17' title='bbox 1156 634 1186 722; x_wconf 89' lang='lat'><strong>¹).</strong></span> <span class='ocrx_word' id='word_1_18' title='bbox 1266 699 1268 706; x_wconf 81' lang='grc'>,</span> 
     </span>
    </p>

    <p class='ocr_par' dir='ltr' id='par_1_3' title="bbox 225 750 1284 1066">
     <span class='ocr_line' id='line_1_4' title="bbox 290 750 1284 841; baseline -0.002 -23"><span class='ocrx_word' id='word_1_19' title='bbox 290 754 382 841; x_wconf 88' lang='lat' dir='ltr'><strong>Apud</strong></span> <span class='ocrx_word' id='word_1_20' title='bbox 403 765 509 839; x_wconf 83' lang='lat' dir='ltr'><strong>po’e&#39;tas</strong></span> <span class='ocrx_word' id='word_1_21' title='bbox 533 753 636 818; x_wconf 85' lang='lat' dir='ltr'><strong>decimi</strong></span> <span class='ocrx_word' id='word_1_22' title='bbox 660 757 757 839; x_wconf 83' lang='lat' dir='ltr'><strong>quarti</strong></span> <span class='ocrx_word' id='word_1_23' title='bbox 779 754 888 817; x_wconf 91' lang='lat' dir='ltr'><strong>saeculi</strong></span> <span class='ocrx_word' id='word_1_24' title='bbox 911 766 940 817; x_wconf 90' lang='lat' dir='ltr'><strong>et</strong></span> <span class='ocrx_word' id='word_1_25' title='bbox 961 753 1065 816; x_wconf 85' lang='lat' dir='ltr'><strong>decimi</strong></span> <span class='ocrx_word' id='word_1_26' title='bbox 1088 757 1184 839; x_wconf 65' lang='lat' dir='ltr'><strong>cariati</strong></span> <span class='ocrx_word' id='word_1_27' title='bbox 1207 750 1284 833; x_wconf 82' lang='lat' dir='ltr'><strong>(deo</strong></span> 
     </span>
     <span class='ocr_line' id='line_1_5' title="bbox 226 864 1282 954; baseline 0 -24"><span class='ocrx_word' id='word_1_28' title='bbox 226 864 519 949; x_wconf 73' lang='lat' dir='ltr'><strong>Meistersonqcrn)</strong></span> <span class='ocrx_word' id='word_1_29' title='bbox 543 871 752 932; x_wconf 85' lang='lat' dir='ltr'><strong>consonantiae</strong></span> <span class='ocrx_word' id='word_1_30' title='bbox 774 879 942 953; x_wconf 80' lang='lat' dir='ltr'><strong>tangentes,</strong></span> <span class='ocrx_word' id='word_1_31' title='bbox 967 888 1093 952; x_wconf 88' lang='lat' dir='ltr'><strong>quarum</strong></span> <span class='ocrx_word' id='word_1_32' title='bbox 1109 867 1200 932; x_wconf 90' lang='lat' dir='ltr'><strong>altera</strong></span> <span class='ocrx_word' id='word_1_33' title='bbox 1215 889 1282 954; x_wconf 91' lang='lat' dir='ltr'><strong>spe-</strong></span> 
     </span>
     <span class='ocr_line' id='line_1_6' title="bbox 225 976 1034 1066; baseline -0.004 -20"><span class='ocrx_word' id='word_1_34' title='bbox 225 986 283 1046; x_wconf 88' lang='lat' dir='ltr'><strong>cies</strong></span> <span class='ocrx_word' id='word_1_35' title='bbox 306 981 481 1066; x_wconf 88' lang='lat' dir='ltr'><strong>Aequivoca</strong></span> <span class='ocrx_word' id='word_1_36' title='bbox 503 980 748 1058; x_wconf 79' lang='lat' dir='ltr'><strong>nominabantur,</strong></span> <span class='ocrx_word' id='word_1_37' title='bbox 772 984 881 1046; x_wconf 88' lang='lat' dir='ltr'><strong>vetitae</strong></span> <span class='ocrx_word' id='word_1_38' title='bbox 905 992 988 1044; x_wconf 91' lang='lat' dir='ltr'><strong>erant</strong></span> <span class='ocrx_word' id='word_1_39' title='bbox 1003 976 1034 1060; x_wconf 84' lang='lat'><strong>¹).</strong></span> 
     </span>
    </p>
   </div>
   <div class='ocr_carea' id='block_1_3' title="bbox 290 1121 709 1207">
    <p class='ocr_par' dir='ltr' id='par_1_4' title="bbox 290 1121 709 1207">
     <span class='ocr_line' id='line_1_7' title="bbox 290 1121 709 1207; baseline -0.002 -22"><span class='ocrx_word' id='word_1_40' title='bbox 290 1121 425 1207; x_wconf 88' lang='lat' dir='ltr'><strong>Denique</strong></span> <span class='ocrx_word' id='word_1_41' title='bbox 448 1142 709 1186; x_wconf 88' lang='lat' dir='ltr'><strong>commemoramus</strong></span> 
     </span>
    </p>
   </div>
   <div class='ocr_carea' id='block_1_4' title="bbox 226 1375 1282 1482">
    <p class='ocr_par' dir='ltr' id='par_1_5' title="bbox 226 1375 1282 1482">
     <span class='ocr_line' id='line_1_8' title="bbox 226 1375 1282 1482; baseline 0 -22"><span class='ocrx_word' id='word_1_42' title='bbox 226 1390 258 1460; x_wconf 87' lang='lat'><strong>6.</strong></span> <span class='ocrx_word' id='word_1_43' title='bbox 296 1375 552 1461; x_wconf 73' lang='lat' dir='ltr'><strong>consonantias</strong></span> <span class='ocrx_word' id='word_1_44' title='bbox 580 1386 703 1461; x_wconf 85' lang='lat' dir='ltr'><strong>finales</strong></span> <span class='ocrx_word' id='word_1_45' title='bbox 736 1385 932 1461; x_wconf 86' lang='lat' dir='ltr'><strong>verborum</strong></span> <span class='ocrx_word' id='word_1_46' title='bbox 959 1383 1117 1482; x_wconf 88' lang='lat' dir='ltr'><strong>ejusdem</strong></span> <span class='ocrx_word' id='word_1_47' title='bbox 1143 1385 1282 1460; x_wconf 88' lang='lat' dir='ltr'><strong>radicis.</strong></span> 
     </span>
    </p>
   </div>
   <div class='ocr_carea' id='block_1_5' title="bbox 201 1568 1283 2444">
    <p class='ocr_par' dir='ltr' id='par_1_6' title="bbox 201 1568 1283 2444">
     <span class='ocr_line' id='line_1_9' title="bbox 290 1568 1283 1656; baseline -0.001 -24"><span class='ocrx_word' id='word_1_48' title='bbox 290 1569 371 1632; x_wconf 93' lang='lat' dir='ltr'><strong>Haec</strong></span> <span class='ocrx_word' id='word_1_49' title='bbox 400 1573 610 1633; x_wconf 90' lang='lat' dir='ltr'><strong>consonantiae</strong></span> <span class='ocrx_word' id='word_1_50' title='bbox 639 1569 790 1656; x_wconf 78' lang='lat' dir='ltr'><strong>diligentia</strong></span> <span class='ocrx_word' id='word_1_51' title='bbox 815 1570 957 1653; x_wconf 90' lang='lat' dir='ltr'><strong>primum,</strong></span> <span class='ocrx_word' id='word_1_52' title='bbox 988 1568 1089 1654; x_wconf 87' lang='lat' dir='ltr'><strong>quoad</strong></span> <span class='ocrx_word' id='word_1_53' title='bbox 1123 1568 1283 1654; x_wconf 89' lang='lat' dir='ltr'><strong>intelligere</strong></span> 
     </span>
     <span class='ocr_line' id='line_1_10' title="bbox 201 1681 1283 1769; baseline -0.002 -24"><span class='ocrx_word' id='word_1_54' title='bbox 201 1686 389 1769; x_wconf 87' lang='lat' dir='ltr'><strong>potuimus,</strong></span> <span class='ocrx_word' id='word_1_55' title='bbox 415 1683 496 1768; x_wconf 93' lang='lat' dir='ltr'><strong>apud</strong></span> <span class='ocrx_word' id='word_1_56' title='bbox 519 1682 715 1747; x_wconf 84' lang='lat' dir='ltr'><strong>Gottlriedum</strong></span> <span class='ocrx_word' id='word_1_57' title='bbox 739 1682 775 1746; x_wconf 93' lang='lat' dir='ltr'><strong>de</strong></span> <span class='ocrx_word' id='word_1_58' title='bbox 797 1681 901 1745; x_wconf 84' lang='lat' dir='ltr'><strong>Ncifen</strong></span> <span class='ocrx_word' id='word_1_59' title='bbox 922 1685 1076 1766; x_wconf 88' lang='lat' dir='ltr'><strong>reperitur.</strong></span> <span class='ocrx_word' id='word_1_60' title='bbox 1110 1681 1283 1746; x_wconf 82' lang='lat' dir='ltr'><strong>Consoran-</strong></span> 
     </span>
     <span class='ocr_line' id='line_1_11' title="bbox 224 1775 1281 1884; baseline -0.003 -25"><span class='ocrx_word' id='word_1_61' title='bbox 224 1800 266 1859; x_wconf 89' lang='lat' dir='ltr'><strong>tia</strong></span> <span class='ocrx_word' id='word_1_62' title='bbox 290 1795 398 1859; x_wconf 90' lang='lat' dir='ltr'><strong>obtusa</strong></span> <span class='ocrx_word' id='word_1_63' title='bbox 421 1808 451 1859; x_wconf 89' lang='lat' dir='ltr'><strong>et</strong></span> <span class='ocrx_word' id='word_1_64' title='bbox 473 1775 665 1884; x_wconf 82' lang='lat' dir='ltr'><strong>consonantia</strong></span> <span class='ocrx_word' id='word_1_65' title='bbox 688 1817 764 1881; x_wconf 89' lang='lat' dir='ltr'><strong>quae</strong></span> <span class='ocrx_word' id='word_1_66' title='bbox 785 1795 937 1880; x_wconf 91' lang='lat' dir='ltr'><strong>praecedit</strong></span> <span class='ocrx_word' id='word_1_67' title='bbox 964 1806 1016 1861; x_wconf 86' lang='lat' dir='ltr'><strong>aut</strong></span> <span class='ocrx_word' id='word_1_68' title='bbox 1044 1817 1108 1858; x_wconf 90' lang='lat' dir='ltr'><strong>eam</strong></span> <span class='ocrx_word' id='word_1_69' title='bbox 1138 1797 1281 1880; x_wconf 88' lang='lat' dir='ltr'><strong>sequitur,</strong></span> 
     </span>
     <span class='ocr_line' id='line_1_12' title="bbox 224 1906 1282 1996; baseline -0.004 -24"><span class='ocrx_word' id='word_1_70' title='bbox 224 1931 332 1972; x_wconf 91' lang='lat' dir='ltr'><strong>sonans</strong></span> <span class='ocrx_word' id='word_1_71' title='bbox 357 1931 395 1972; x_wconf 91' lang='lat' dir='ltr'><strong>ex</strong></span> <span class='ocrx_word' id='word_1_72' title='bbox 417 1909 518 1972; x_wconf 90' lang='lat' dir='ltr'><strong>eadem</strong></span> <span class='ocrx_word' id='word_1_73' title='bbox 540 1909 639 1972; x_wconf 89' lang='lat' dir='ltr'><strong>radice</strong></span> <span class='ocrx_word' id='word_1_74' title='bbox 662 1912 854 1996; x_wconf 77' lang='lat' dir='ltr'><strong>exstiteramt,</strong></span> <span class='ocrx_word' id='word_1_75' title='bbox 886 1918 921 1970; x_wconf 89' lang='lat' dir='ltr'><strong>ut</strong></span> <span class='ocrx_word' id='word_1_76' title='bbox 948 1906 1060 1983; x_wconf 81' lang='lat' dir='ltr'><strong>roibcrr,</strong></span> <span class='ocrx_word' id='word_1_77' title='bbox 1084 1909 1162 1986; x_wconf 79' lang='lat' dir='ltr'><strong>roip,</strong></span> <span class='ocrx_word' id='word_1_78' title='bbox 1186 1906 1282 1980; x_wconf 77' lang='lat' dir='ltr'><strong>libera,</strong></span> 
     </span>
     <span class='ocr_line' id='line_1_13' title="bbox 224 1999 1283 2103; baseline -0.002 -20"><span class='ocrx_word' id='word_1_79' title='bbox 224 2023 284 2102; x_wconf 76' lang='lat' dir='ltr'><strong>lip,</strong></span> <span class='ocrx_word' id='word_1_80' title='bbox 307 2022 474 2103; x_wconf 75' lang='lat' dir='ltr'><strong>beloopen,</strong></span> <span class='ocrx_word' id='word_1_81' title='bbox 499 2023 635 2098; x_wconf 81' lang='lat' dir='ltr'><strong>unloalc,</strong></span> <span class='ocrx_word' id='word_1_82' title='bbox 657 1999 883 2102; x_wconf 73' lang='lat' dir='ltr'><strong>camdeooaqec,</strong></span> <span class='ocrx_word' id='word_1_83' title='bbox 898 2019 1077 2082; x_wconf 81' lang='lat' dir='ltr'><strong>umbeconlc.</strong></span> <span class='ocrx_word' id='word_1_84' title='bbox 1103 2019 1283 2084; x_wconf 85' lang='lat' dir='ltr'><strong>Gottsrie-</strong></span> 
     </span>
     <span class='ocr_line' id='line_1_14' title="bbox 225 2125 1283 2213; baseline -0.005 -13"><span class='ocrx_word' id='word_1_85' title='bbox 225 2137 291 2200; x_wconf 89' lang='lat' dir='ltr'><strong>dus</strong></span> <span class='ocrx_word' id='word_1_86' title='bbox 315 2136 357 2199; x_wconf 89' lang='lat' dir='ltr'><strong>de</strong></span> <span class='ocrx_word' id='word_1_87' title='bbox 378 2135 510 2199; x_wconf 87' lang='lat' dir='ltr'><strong>Neilen</strong></span> <span class='ocrx_word' id='word_1_88' title='bbox 532 2137 589 2199; x_wconf 92' lang='lat' dir='ltr'><strong>hac</strong></span> <span class='ocrx_word' id='word_1_89' title='bbox 612 2148 674 2201; x_wconf 88' lang='lat' dir='ltr'><strong>arte</strong></span> <span class='ocrx_word' id='word_1_90' title='bbox 697 2140 727 2199; x_wconf 93' lang='lat' dir='ltr'><strong>in</strong></span> <span class='ocrx_word' id='word_1_91' title='bbox 751 2135 869 2200; x_wconf 90' lang='lat' dir='ltr'><strong>duobus</strong></span> <span class='ocrx_word' id='word_1_92' title='bbox 893 2125 1119 2213; x_wconf 83' lang='lat' dir='ltr'><strong>carminibus&#39;),</strong></span> <span class='ocrx_word' id='word_1_93' title='bbox 1146 2131 1283 2196; x_wconf 86' lang='lat' dir='ltr'><strong>Conra-</strong></span> 
     </span>
     <span class='ocr_line' id='line_1_15' title="bbox 225 2245 1283 2336; baseline -0.004 -23"><span class='ocrx_word' id='word_1_94' title='bbox 225 2250 291 2313; x_wconf 91' lang='lat' dir='ltr'><strong>dus</strong></span> <span class='ocrx_word' id='word_1_95' title='bbox 315 2249 591 2336; x_wconf 87' lang='lat' dir='ltr'><strong>deWiirzburg</strong></span> <span class='ocrx_word' id='word_1_96' title='bbox 614 2253 643 2312; x_wconf 93' lang='lat' dir='ltr'><strong>in</strong></span> <span class='ocrx_word' id='word_1_97' title='bbox 665 2272 726 2314; x_wconf 89' lang='lat' dir='ltr'><strong>uno</strong></span> <span class='ocrx_word' id='word_1_98' title='bbox 741 2245 763 2329; x_wconf 86' lang='lat'><strong>⁴)</strong></span> <span class='ocrx_word' id='word_1_99' title='bbox 786 2270 916 2312; x_wconf 92' lang='lat' dir='ltr'><strong>necnon</strong></span> <span class='ocrx_word' id='word_1_100' title='bbox 933 2247 1081 2312; x_wconf 89' lang='lat' dir='ltr'><strong>Ulricus</strong></span> <span class='ocrx_word' id='word_1_101' title='bbox 1106 2247 1148 2310; x_wconf 89' lang='lat' dir='ltr'><strong>de</strong></span> <span class='ocrx_word' id='word_1_102' title='bbox 1169 2245 1283 2310; x_wconf 93' lang='lat' dir='ltr'><strong>Lich-</strong></span> 
     </span>
     <span class='ocr_line' id='line_1_16' title="bbox 224 2360 594 2444; baseline -0.008 -15"><span class='ocrx_word' id='word_1_103' title='bbox 224 2360 424 2444; x_wconf 76' lang='lat' dir='ltr'><strong>tensteiu⁸)</strong></span> <span class='ocrx_word' id='word_1_104' title='bbox 448 2375 518 2426; x_wconf 91' lang='lat' dir='ltr'><strong>sunt</strong></span> <span class='ocrx_word' id='word_1_105' title='bbox 539 2364 594 2426; x_wconf 88' lang='lat' dir='ltr'><strong>usi.</strong></span> 
     </span>
    </p>
   </div>
   <div class='ocr_carea' id='block_1_6' title="bbox 224 2671 1349 3318">
    <p class='ocr_par' dir='ltr' id='par_1_7' title="bbox 282 2671 796 2746">
     <span class='ocr_line' id='line_1_17' title="bbox 282 2671 796 2746; baseline 0 -20"><span class='ocrx_word' id='word_1_106' title='bbox 282 2676 301 2742; x_wconf 89' lang='lat'><strong>¹)</strong></span> <span class='ocrx_word' id='word_1_107' title='bbox 329 2673 499 2728; x_wconf 82' lang='lat' dir='ltr'><strong>Wolf‘tiber</strong></span> <span class='ocrx_word' id='word_1_108' title='bbox 517 2674 558 2727; x_wconf 91' lang='lat' dir='ltr'><strong>die</strong></span> <span class='ocrx_word' id='word_1_109' title='bbox 576 2675 648 2739; x_wconf 84' lang='lat' dir='ltr'><strong>Lais,</strong></span> <span class='ocrx_word' id='word_1_110' title='bbox 667 2691 723 2746; x_wconf 85' lang='lat' dir='ltr'><strong>pag.</strong></span> <span class='ocrx_word' id='word_1_111' title='bbox 736 2671 796 2728; x_wconf 85' lang='lat'>217.</span> 
     </span>
    </p>

    <p class='ocr_par' dir='ltr' id='par_1_8' title="bbox 224 2766 1278 2936">
     <span class='ocr_line' id='line_1_18' title="bbox 280 2766 1278 2841; baseline -0.002 -19"><span class='ocrx_word' id='word_1_112' title='bbox 280 2771 301 2838; x_wconf 83' lang='lat'><strong>²)</strong></span> <span class='ocrx_word' id='word_1_113' title='bbox 327 2770 538 2841; x_wconf 83' lang='lat' dir='ltr'><strong>Wagenseil&#39;s</strong></span> <span class='ocrx_word' id='word_1_114' title='bbox 556 2770 660 2822; x_wconf 84' lang='lat' dir='ltr'><strong>Bericht</strong></span> <span class='ocrx_word' id='word_1_115' title='bbox 675 2789 728 2824; x_wconf 92' lang='lat' dir='ltr'><strong>von</strong></span> <span class='ocrx_word' id='word_1_116' title='bbox 746 2770 791 2822; x_wconf 88' lang='lat' dir='ltr'><strong>der</strong></span> <span class='ocrx_word' id='word_1_117' title='bbox 807 2767 1084 2839; x_wconf 82' lang='lat' dir='ltr'><strong>Meistcrsingerkunst.</strong></span> <span class='ocrx_word' id='word_1_118' title='bbox 1095 2795 1128 2806; x_wconf 89' lang='lat'>-</span> <span class='ocrx_word' id='word_1_119' title='bbox 1142 2766 1278 2820; x_wconf 83' lang='lat' dir='ltr'><strong>Commen-</strong></span> 
     </span>
     <span class='ocr_line' id='line_1_19' title="bbox 224 2859 889 2936; baseline -0.003 -18"><span class='ocrx_word' id='word_1_120' title='bbox 224 2859 286 2918; x_wconf 79' lang='lat' dir='ltr'><strong>tatio</strong></span> <span class='ocrx_word' id='word_1_121' title='bbox 307 2865 337 2918; x_wconf 91' lang='lat' dir='ltr'><strong>de</strong></span> <span class='ocrx_word' id='word_1_122' title='bbox 357 2868 456 2918; x_wconf 77' lang='lat' dir='ltr'><strong>civitate</strong></span> <span class='ocrx_word' id='word_1_123' title='bbox 475 2865 667 2935; x_wconf 88' lang='lat' dir='ltr'><strong>Noribergensi,</strong></span> <span class='ocrx_word' id='word_1_124' title='bbox 685 2883 742 2936; x_wconf 83' lang='lat' dir='ltr'><strong>pag.</strong></span> <span class='ocrx_word' id='word_1_125' title='bbox 753 2864 814 2928; x_wconf 83' lang='lat'><strong>519,</strong></span> <span class='ocrx_word' id='word_1_126' title='bbox 828 2862 889 2916; x_wconf 81' lang='lat'>528.</span> 
     </span>
    </p>

    <p class='ocr_par' dir='ltr' id='par_1_9' title="bbox 225 2955 1349 3110">
     <span class='ocr_line' id='line_1_20' title="bbox 281 2955 1349 3032; baseline 0 -20"><span class='ocrx_word' id='word_1_127' title='bbox 281 2961 301 3028; x_wconf 82' lang='lat'><strong>⁸)</strong></span> <span class='ocrx_word' id='word_1_128' title='bbox 329 2978 391 3012; x_wconf 91' lang='lat' dir='ltr'><strong>von</strong></span> <span class='ocrx_word' id='word_1_129' title='bbox 410 2955 613 3031; x_wconf 68' lang='lat' dir='ltr'><strong>der&#39;Hagen&#39;s</strong></span> <span class='ocrx_word' id='word_1_130' title='bbox 631 2961 763 3026; x_wconf 78' lang='lat' dir='ltr'><strong>Murcum,</strong></span> <span class='ocrx_word' id='word_1_131' title='bbox 783 2958 910 3032; x_wconf 82' lang='lat' dir='ltr'><strong>pag.368.</strong></span> <span class='ocrx_word' id='word_1_132' title='bbox 930 2989 964 2998; x_wconf 87' lang='lat'>-</span> <span class='ocrx_word' id='word_1_133' title='bbox 981 2960 1147 3014; x_wconf 83' lang='lat' dir='ltr'><strong>Benecke&#39;s</strong></span> <span class='ocrx_word' id='word_1_134' title='bbox 1164 2960 1282 3030; x_wconf 82' lang='lat' dir='ltr'><strong>Beitr&#39;aige</strong></span> <span class='ocrx_word' id='word_1_135' title='bbox 1345 3013 1349 3022; x_wconf 79' lang='grc'>,</span> 
     </span>
     <span class='ocr_line' id='line_1_21' title="bbox 225 3055 1145 3110; baseline -0.004 0"><span class='ocrx_word' id='word_1_136' title='bbox 225 3057 245 3110; x_wconf 93' lang='lat'><strong>1.</strong></span> <span class='ocrx_word' id='word_1_137' title='bbox 263 3057 307 3110; x_wconf 90' lang='lat' dir='ltr'><strong>Nr.</strong></span> <span class='ocrx_word' id='word_1_138' title='bbox 320 3055 367 3109; x_wconf 90' lang='lat' dir='ltr'><strong>Vl.</strong></span> <span class='ocrx_word' id='word_1_139' title='bbox 1141 3059 1145 3066; x_wconf 92' lang='grc'><strong>“</strong></span> 
     </span>
    </p>

    <p class='ocr_par' dir='ltr' id='par_1_10' title="bbox 282 3149 900 3224">
     <span class='ocr_line' id='line_1_22' title="bbox 282 3149 900 3224; baseline -0.002 -19"><span class='ocrx_word' id='word_1_140' title='bbox 282 3154 302 3220; x_wconf 82' lang='lat'><strong>⁴)</strong></span> <span class='ocrx_word' id='word_1_141' title='bbox 329 3152 586 3224; x_wconf 84' lang='lat' dir='ltr'><strong>Wackernagel’s</strong></span> <span class='ocrx_word' id='word_1_142' title='bbox 605 3152 751 3217; x_wconf 82' lang='lat' dir='ltr'><strong>Leseburh,</strong></span> <span class='ocrx_word' id='word_1_143' title='bbox 770 3170 826 3224; x_wconf 87' lang='lat' dir='ltr'><strong>pag.</strong></span> <span class='ocrx_word' id='word_1_144' title='bbox 840 3149 900 3205; x_wconf 83' lang='lat'><strong>699.</strong></span> 
     </span>
    </p>

    <p class='ocr_par' dir='ltr' id='par_1_11' title="bbox 283 3244 946 3318">
     <span class='ocr_line' id='line_1_23' title="bbox 283 3244 946 3318; baseline -0.006 -16"><span class='ocrx_word' id='word_1_145' title='bbox 283 3250 303 3317; x_wconf 78' lang='lat'><strong>⁰)</strong></span> <span class='ocrx_word' id='word_1_146' title='bbox 330 3248 528 3312; x_wconf 85' lang='lat' dir='ltr'><strong>Fraucndienst,</strong></span> <span class='ocrx_word' id='word_1_147' title='bbox 549 3247 587 3302; x_wconf 91' lang='lat' dir='ltr'><strong>cd.</strong></span> <span class='ocrx_word' id='word_1_148' title='bbox 607 3248 798 3312; x_wconf 86' lang='lat' dir='ltr'><strong>Lachmann,</strong></span> <span class='ocrx_word' id='word_1_149' title='bbox 817 3264 874 3318; x_wconf 89' lang='lat' dir='ltr'><strong>pag.</strong></span> <span class='ocrx_word' id='word_1_150' title='bbox 886 3244 946 3300; x_wconf 79' lang='lat'><strong>563.</strong></span> 
     </span>
    </p>
   </div>
   <div class='ocr_carea' id='block_1_7' title="bbox 0 0 1516 4872">
    <p class='ocr_par' dir='ltr' id='par_1_12' title="bbox 0 0 1516 4872">
     <span class='ocr_line' id='line_1_24' title="bbox 0 0 1516 4872; baseline 0 0"><span class='ocrx_word' id='word_1_151' title='bbox 0 0 1516 4872; x_wconf 95' lang='lat' dir='ltr'><strong> </strong></span> 
     </span>
    </p>
   </div>
  </div>
 </body>
</html>
