3012 4872
554 307 559 339 l

692 359 852 468 Q

245 567 463 632 Consonantiac
486 563 625 641 obtusae,
650 587 726 651 quac
749 564 866 628 duabus
889 565 1009 651 syllabis
1031 567 1195 650 conjunctis
1219 561 1300 646 (soer-

242 681 390 756 scblea'ste
412 674 539 761 Silben)
567 678 733 748 formantur
761 683 848 742 etin
869 683 954 765 poesi
976 680 1072 742 ultimi
1094 681 1202 743 saeculi
1225 679 1300 743 duo·

243 793 347 857 decimi
375 806 405 856 et
432 791 534 856 decimi
565 795 643 856 tertii
667 796 797 878 conspici
819 805 961 878 possunt,
991 815 1087 878 usque
1110 793 1149 856 ad
1170 793 1299 857 medium

241 907 390 970 saecultun
413 905 620 969 duodecimum
641 909 806 970 rarissimae
829 919 907 970 sunt.
943 904 1069 992 Saepius
1091 909 1121 968 in
1141 929 1201 968 uno
1225 907 1300 969 duo-

240 1037 306 1084 rum
335 1042 475 1083 versuum
503 1023 696 1082 consonantia
724 1021 806 1082 finali
832 1043 978 1082 nexorum
1006 1020 1139 1082 ultimam
1168 1023 1247 1082 arsin
1269 1023 1299 1082 in

241 1133 315 1198 duas
337 1133 465 1219 syllabas
489 1134 662 1217 conjunctas
687 1132 789 1211 cadere
812 1136 942 1196 invenies
958 1128 988 1213 ¹).

307 1246 435 1332 Syllabis
457 1246 617 1310 verborum
644 1246 781 1310 finalibus
804 1247 936 1311 refractis
961 1267 1120 1332 earumque
1142 1247 1298 1309 vocalibus

239 1365 270 1425 in
292 1361 445 1424 literamc
473 1373 591 1423 atonam
620 1359 856 1444 transeuntibus,
886 1381 1009 1445 magnac
1041 1362 1298 1422 consonantiarum

240 1477 416 1538 exstiterunt
437 1477 623 1536 mutationes.
666 1472 868 1537 Consonantia
897 1473 1003 1536 barum
1031 1470 1211 1558 syllabarum
1233 1483 1298 1534 ato·

237 1610 342 1650 narum
366 1585 404 1648 ad
425 1609 529 1649 versus
553 1584 775 1672 conjungendos
798 1609 859 1648 non
882 1586 1010 1661 suffecit,
1036 1586 1163 1671 ideoque
1192 1606 1324 1647 conso·x

237 1704 339 1764 nantia
361 1700 521 1763 verborum
543 1700 637 1762 finalis
666 1701 697 1761 in
724 1699 838 1762 radices
868 1703 990 1762 recessit
1016 1699 1177 1762 verborum
1201 1711 1230 1760 et
1251 1697 1297 1760 bi·
1384 1729 1390 1742 ·

237 1813 352 1899 syllaba
374 1813 452 1876 facta
475 1824 527 1875 est.
565 1812 660 1894 Quam
684 1812 735 1874 diu
758 1833 838 1874 nova
861 1835 907 1874 ars
935 1811 1068 1874 nondum
1098 1825 1161 1874 erat
1182 1812 1297 1874 firmata

238 1941 267 1990 ct
288 1929 431 2011 pristinus
454 1947 527 1988 usus
552 1947 618 1988 cum
640 1947 720 1987 novo
739 1925 775 1988 dc
790 1929 961 2010 principatu
978 1923 1143 2001 contendit,
1168 1923 1296 1988 tamdiu

237 2041 445 2102 consonantias
468 2038 647 2124 inelegantcs
672 2051 701 2101 et
722 2037 811 2101 rudes
836 2061 898 2101 esse
921 2059 1039 2132 neccsse
1063 2050 1133 2100 erat.

302 2153 342 2217 Ut
378 2162 504 2236 poeseos
535 2153 598 2235 jam
629 2155 695 2237 ipsa
726 2147 918 2214 monumenta
951 2163 1131 2236 spectemus,
1166 2149 1295 2230 Mundi

237 2265 509 2330 Chronicorum
531 2264 671 2348 reliquiae
696 2267 773 2326 circa
796 2287 822 2328 a.
850 2265 935 2326 1150
960 2265 998 2326 ad
1019 2286 1107 2326 usum
1131 2275 1296 2326 consonan-

235 2382 343 2443 tiarum
367 2381 535 2440 sonantium
554 2378 617 2460 jam
640 2379 898 2462 appropinquant,
923 2381 975 2464 qui
1001 2399 1074 2440 usus
1098 2379 1129 2439 in
1150 2379 1295 2462 particula

235 2493 277 2554 de
299 2489 461 2576 Aegidio
492 2503 612 2566 auctus,
642 2493 672 2586 in
700 2489 845 2585 Christi
872 2494 950 2564 vita
979 2502 1013 2553 et
1034 2493 1211 2574 passione
1241 2492 1295 2554 do-

234 2608 372 2678 minatur,
395 2603 647 2668 intcrdum'more
669 2607 791 2688 antiquo
814 2605 1024 2666 consonantiae
1040 2601 1163 2666 obtusae
1179 2607 1210 2666 in
1226 2605 1294 2687 jure

234 2741 289 2781 suo
311 2718 528 2803 interpellatum
559 2715 720 2801 eodemque
743 2716 833 2784 modo
856 2719 887 2778 in
912 2714 1109 2780 Chronicis
1132 2718 1294 2802 Impera·

233 2845 356 2894 torum
385 2843 415 2893 et
442 2833 473 2892 iu
501 2829 638 2892 omnibus
660 2814 817 2916 usquead
838 2831 974 2892 ultimum
996 2829 1105 2892 saeculi
1128 2828 1293 2894 duodecimi
1358 2873 1366 2878 -

234 2943 426 3030 quadrantem
461 2941 638 3005 carminibus
671 2965 775 3006 versus
814 2947 900 3006 etiam
935 2964 1022 3028 saepe
1055 2964 1137 3004 more
1171 2947 1292 3029 antiqno

233 3055 353 3142 syllabis
381 3055 517 3120 finalibus
550 3055 706 3142 barytonis
740 3056 788 3118 vel
824 3059 920 3120 atonis
953 3069 1112 3118 nectuntur
1145 3055 1183 3119 ad
1212 3058 1293 3141 quod

232 3170 412 3256 syllabarum
439 3173 654 3254 primitivarum
685 3166 943 3250 (Stanttnsc'lban)
975 3192 1066 3233 sonus
1089 3182 1142 3231 aut
1162 3192 1218 3254 par
1241 3184 1293 3234 aut

232 3285 332 3345 similis
361 3282 482 3346 accedit.
510 3284 543 3344 ln
571 3287 770 3346 consonantiis
798 3281 951 3367 bisyllabis
981 3282 1082 3345 eadem
1111 3284 1292 3368 syllabarum

233 3399 380 3482 quantitas
402 3398 515 3479 petitur
538 3417 659 3481 eamque
679 3399 736 3458 nisi
751 3401 879 3460 maxima
895 3394 1045 3471 socordia,
1070 3400 1149 3460 utin
1165 3402 1291 3461 carmine

232 3511 272 3572 d'e
295 3509 480 3584 Rolando,
509 3531 570 3572 non
592 3509 723 3596 negligit.

296 3623 328 3684 ln
351 3625 477 3684 carmine
493 3621 533 3684 de
549 3622 672 3685 Pilato
691 3617 770 3702 (ante
783 3645 808 3684 a.
825 3622 922 3702 1180)
938 3626 1065 3707 primum
1082 3629 1290 3689 consonantiae

229 3721 332 3798 revera
353 3749 492 3798 sonantes
515 3737 577 3821 lege
598 3757 678 3798 nova
699 3731 872 3810 nectuntur,
897 3739 966 3798 item
993 3739 1023 3798 in
1039 3736 1209 3809 Tundalo
1234 3751 1288 3802 etc.

230 3846 370 3912 Similiter
392 3853 421 3910 in
444 3853 529 3933 poe'si
551 3849 659 3934 lyrica,
685 3849 720 3911 de
753 3871 811 3935 qua
834 3852 942 3912 rectius
961 3850 1096 3932 judicare
1119 3874 1287 3936 possumus.

204 3963 260 4023 xln
283 3963 412 4047 strophis
435 3961 584 4024 veteribus
614 3963 804 4024 Dietmaro
837 3963 878 4026 de
902 3963 984 4027 llist
1015 3952 1184 4050 adscriptis
1200 3980 1229 4028 ct
1259 3968 1288 4026 in

287 4200 304 4266 ι)
333 4199 431 4252 ocean
453 4202 487 4254 11.
513 4202 556 4266 12,
582 4209 622 4267 ³¹3
650 4204 669 4256 1.
694 4205 723 4268 s,
746 4211 772 4270 ³;
801 4205 834 4258 n.
860 4205 889 4270 a,
909 4213 943 4260 ει,
