3012 4872
148 1099 154 1114 Ι

6 1131 28 1162 ir,

6 1193 8 1212 ι

6 1215 7 1236 i

6 1285 7 1300 i

6 1307 8 1326 t

5 1729 13 1778 i

5 1783 11 1836 Ρ

5 1917 6 1936 t

646 1573 796 1672 PARS
842 1575 870 1669 1.

238 1827 293 1892 DE
329 1823 467 1889 PRIMIS
504 1822 821 1925 ¹CONSONANTIAE
856 1822 1087 1889 VERBORUM
1120 1821 1276 1888 FINALIS

343 1937 541 2002 vuSTlufls
576 1937 618 2000 IN
654 1937 865 2002 POEMATIS
900 1936 1171 2003 ALLITERATIS

532 2049 698 2116 SAECULI
727 2050 806 2130 vul.
837 2049 893 2113 ET
928 2050 979 2114 tx.
1066 2057 1099 2082 ’-

228 2543 270 2652 E
300 2587 396 2670 primo
422 2591 549 2668 poeseos
576 2582 737 2646 theotiscae
764 2582 851 2658 flore,
883 2586 901 2645 i.
927 2603 951 2648 e.
979 2604 1017 2646 ex
1040 2583 1182 2647 alliterata
1204 2587 1289 2668 po‘e'si

229 2698 338 2763 saeculi
367 2699 466 2760 octavi
497 2709 527 2760 et
548 2698 620 2759 noni
641 2718 754 2781 paucae
783 2709 897 2759 tantum
919 2697 1059 2782 reliquiae
1083 2697 1122 2759 ad
1143 2719 1198 2760 nos
1221 2719 1288 2783 per-

230 2825 389 2886 venerunt3
413 2812 500 2872 nimis
521 2831 634 2894 paucae
655 2819 782 2894 poeseos
803 2822 833 2873 et
846 2810 985 2874 historiae
1002 2822 1031 2873 et
1046 2813 1135 2874 animi
1153 2789 1290 2874 theotisci

230 2928 367 2999 amatori,
391 2945 495 2986 verum
518 2925 589 2985 satis
610 2923 734 2999 multae,
759 2936 793 2986 ut
816 2923 914 3011 qualia
927 2935 960 2986 et
982 2936 1094 3009 quanta
1115 2926 1288 3001 interierint,

230 3040 462 3112 demonstretur,
494 3038 565 3099 satis
593 3035 702 3098 multae
739 3039 942 3122 investigatori
970 3049 1100 3114 attento,
1133 3040 1185 3121 qui
1214 3059 1290 3123 quo-

230 3152 320 3216 modo
344 3152 394 3214 illa
416 3149 526 3213 fuerint
547 3146 673 3212 formata
703 3150 835 3235 colligat,
859 3152 931 3212 satis
959 3150 1068 3212 multae
1090 3162 1125 3212 ut
1148 3153 1290 3236 antiquis·

124 3305 130 3316 ·
231 3263 449 3350 simaepopuli
472 3262 608 3325 theotisci
630 3272 755 3348 potseos
778 3263 902 3328 sormam
926 3275 955 3326 et
975 3264 1126 3326 materiam
1142 3267 1291 3348 possimus

230 3379 399 3465 intelligere.

301 3486 442 3573 Quamvis
465 3490 571 3553 harum
593 3491 783 3576 reliquiarum
805 3490 877 3553 hina
898 3482 1291 3554 hemistichia'alliteratione

233 3606 373 3690 conjungi
396 3603 526 3679 soleant,
551 3616 649 3667 tamen
671 3605 781 3688 passim
798 3607 1020 3667 consonantiam
1034 3603 1197 3667 verborum
1218 3603 1292 3666 fina-

202 3791 206 3802 .
233 3721 289 3783 lem
312 3721 488 3803 reperimus,
513 3739 601 3803 quam
624 3737 685 3778 non
707 3716 831 3780 fortuito
848 3739 955 3781 casuve
972 3739 1129 3803 apparere,
1154 3715 1207 3778 sed
1223 3715 1292 3778 data

234 3853 326 3917 opera
349 3829 387 3893 ad
409 3830 593 3893 hemistichia
614 3830 757 3894 nectenda
781 3853 842 3894 esse
865 3833 1007 3914 positam,
1033 3832 1178 3892 existimo.
1199 3829 1292 3918 ¹Hanc

233 3967 327 4010 meam
365 3947 537 4008 sententiam
573 3923 794 4031 quaestionibus
835 3941 1025 4029 sequentibus
1059 3943 1218 4028 probatmn
1256 3945 1292 4005 iri

233 4081 329 4148 spero.
1343 4036 1345 4044 ¹

302 4174 461 4259 Triplicem
485 4175 693 4238 consonantiae
711 4172 817 4266 ¹finalis
840 4195 925 4237 usum
951 4184 1049 4259 aperte
1074 4172 1292 4257 cognoscimus:
1324 4213 1329 4222 -
