3012 4872
676 345 835 452 ..fl-

226 551 327 636 Atque
357 549 466 613 ibidem
493 569 563 636 pag.
588 547 608 610 2
639 544 681 628 (1,
703 549 751 625 11,
773 550 822 625 15,
843 543 895 630 16)
922 548 1029 634 pag.3
1054 544 1096 628 (2,
1118 545 1169 628 13)
1193 552 1285 613 etsie

225 685 334 749 porr03
357 655 438 726 nulla
467 665 543 726 enim
572 674 617 725 est
642 664 753 748 pagina
782 661 835 726 ubi
863 684 925 726 non
954 666 1026 726 satis
1050 664 1163 750 arnplus
1187 684 1285 727 exem·

113 809 114 816 κ
226 777 344 861 plorum
366 797 506 840 numerus
529 779 702 861 reperiatur.

293 897 333 962 Ut
356 900 386 960 in
408 890 615 982 Muspitli¹)

438 1039 467 1116 n.
494 1053 545 1116 13.
569 1075 606 1116 za
627 1053 795 1118 wederemo
818 1030 901 1138 herje

499 1191 503 1198 ·
573 1170 598 1230 si
620 1168 735 1254 gibelot
755 1167 866 1231 werdo.

426 1277 468 1343 'v.
494 1283 556 1351 54„
570 1283 664 1346 winit
686 1281 733 1344 sih
753 1280 862 1344 kintdt

576 1393 627 1456 diu
648 1415 775 1479 wenaga
796 1394 857 1456 sela

228 1505 336 1570 ibidem
358 1529 387 1569 v.
405 1505 457 1583 m,
485 1493 557 1583 ino,
585 1507 658 1582 rto,
686 1506 759 1582 154,
787 1505 859 1568 171.
917 1583 922 1590 .

1051 1617 1084 1647 a!

296 1661 376 1725 Idem
400 1665 611 1726 consonantiae
632 1662 727 1724 finalis
750 1684 822 1725 usus
845 1665 876 1725 in
899 1677 1025 1749 cognata
1046 1665 1289 1759 bnglosaxonioa

228 1777 312 1860 poe'si
336 1787 366 1838 et
388 1775 610 1861 septentrionali
639 1774 833 1838 demonstrari
854 1789 963 1861 potest.
999 1777 1044 1842 De
1067 1781 1288 1865 septentrionali

228 1891 312 1973 prior
338 1892 516 1951 mentionem
538 1887 666 1951 inferens
688 1888 795 1952 Rask
808 1885 836 1968 ¹),
854 1891 988 1976 exempla
1015 1903 1131 1955 tantum
1161 1915 1200 1956 ex
1222 1915 1287 1956 sero

230 2000 460 2086 decimiquarti
488 2001 596 2063 saeculi
625 2013 654 2065 et
683 2001 787 2064 decimi
810 2005 906 2087 quinti
933 2026 992 2066 usu
1018 2004 1141 2090 profert.
1180 2003 1288 2086 Quam-

231 2113 333 2177 obrem
362 2135 417 2199 ego
449 2113 685 2178 commemorabo
716 2115 773 2178 alia
802 2130 839 2179 ex
867 2115 970 2180 Edda
984 2113 1005 2196 ²)
1035 2118 1182 2202 exempla,
1214 2139 1289 2203 quae

230 2227 288 2290 huo
311 2229 457 2312 pertinere
479 2225 628 2290 videntur.

344 2383 499 2468 ‘Vo'luspi
522 2381 552 2446 2.
577 2382 703 2446 miotvid
723 2405 843 2446 maeran

531 2558 535 2564 ,
576 2494 650 2581 fyrir
671 2495 753 2558 mold
774 2495 891 2560 nedban
934 2541 936 2546 ,

502 2607 551 2671 17.
576 2607 671 2670 fundu
694 2611 711 2672 i
732 2609 813 2673 landi

573 2723 623 2816 'litt
643 2723 781 2808 megandi

575 2834 640 2898 Aslr
664 2835 703 2899 ok
724 2835 832 2902 Emblu
889 2909 892 2916 ,

579 2949 747 3036 iirliiglausa

487 3089 490 3094 ·
580 3062 641 3125 ond
663 3063 737 3126 thau
759 3087 796 3127 ne
820 3078 885 3128 attu

580 3175 641 3238 odh
663 3175 736 3240 thau
758 3199 795 3240 ne
818 3177 952 3242 hofdhu.
968 3229 974 3242 .
990 3229 1010 3280 ‘‚

446 3289 555 3353 ibidem
578 3289 630 3366 25,
655 3289 707 3352 40.

317 3447 479 3512 Skirnisliir
502 3446 554 3509 28.
579 3449 597 3510 i
618 3446 684 3510 thik
706 3448 836 3510 Hrimnir
858 3450 923 3512 hari

582 3583 599 3624 a
623 3561 686 3624 thik
708 3561 852 3623 hbtvetna
874 3565 954 3625 stari.

235 3709 446 3718 —a-——es--a-—n

240 3845 243 3850 .
311 3803 329 3869 ¹)
360 3801 487 3872 Maspitri,
512 3802 552 3855 ed.
578 3801 770 3865 Schmeller‚
798 3801 924 3854 biiinrhen
945 3799 1020 3855 1832.
1040 3801 1065 3856 8.
1089 3833 1122 3842 -
1145 3805 1294 3860 Wacker-

236 3895 351 3968 nagel's
370 3897 515 3962 Lesebuch,
534 3916 590 3970 pag.
611 3896 645 3950 69
664 3916 699 3949 ss.

310 3993 331 4060 ⁸)
359 3992 496 4046 Verslehre
515 3993 560 4047 der
578 3993 707 4058 islanden
728 3992 833 4046 deutsch
852 4011 904 4047 ron
923 3995 1086 4060 Mohnike,
1106 4015 1161 4070 pag.
1176 3997 1219 4051 24.

309 4090 330 4155 ¹)
357 4089 431 4141 Edda
450 4091 606 4145 Saemunder
624 4092 699 4144 hinns
719 4089 805 4155 frida,
826 4090 856 4144 ed
875 4092 956 4148 Rask
977 4101 1000 4145 et
1018 4079 1182 4148 Afzelirrb.
1204 4096 1294 4150 Stork·

237 4183 306 4237 holm
327 4181 403 4238 1818.
422 4183 447 4238 8.
