3012 4872
660 361 820 468 —aa—

212 569 344 635 cau'datis
380 569 523 653 originem
557 567 672 630 trahere
706 565 817 630 indicat
831 560 875 647 ι);
912 579 1019 652 postca
1053 560 1269 632 artificiosiores

211 683 305 747 laetae
335 695 364 745 et
393 682 602 744 consonantiae
630 701 725 765 usque
749 679 787 742 ad
810 692 869 742 tres
891 681 938 743 vcl
963 693 1092 766 quatuor
1114 695 1218 746 auctae
1242 695 1271 745 et

113 825 117 832 ·
210 818 304 859 nexae
327 789 439 874 sunt').

279 908 498 973 Consonantiae
524 907 753 991 interlaqneatae
783 929 821 970 ex
842 905 947 969 Wolfii
970 912 1115 971 sententia
1136 912 1179 972 ita
1201 924 1271 973 sunt

210 1015 343 1102 natac⁸).
389 1022 437 1084 Ex
464 1020 605 1083 brevibus
634 1020 770 1083 versibus
798 1023 944 1083 continuis
967 1023 1071 1085 stichia
1094 1027 1271 1087 exstiterunt

213 1155 289 1218 quac
322 1133 400 1196 binis
429 1133 572 1197 brevibus
602 1137 767 1218 composita
797 1145 893 1210 erant3
933 1139 1142 1200 consonantiae
1172 1137 1269 1200 medio
1322 1202 1323 1205 ,

212 1269 302 1310 versu
325 1261 480 1310 cesserunt
505 1261 534 1310 et
556 1247 729 1310 stichiorum
751 1247 840 1310 modo
863 1247 935 1311 fines
960 1253 1159 1314 consonantiis
1183 1273 1270 1314 orna-

213 1359 337 1435 bantur,
368 1364 409 1423 ita
431 1375 465 1425 ut
486 1361 595 1446 figura:

659 1524 670 1556 a

698 1524 703 1534 n

699 1621 702 1629 ι

703 1529 723 1555 nl.

704 1632 710 1649 Ι
719 1640 723 1649 ι

710 1623 718 1650 t

658 1717 717 1747 lta!

811 1718 827 1765 b

818 1829 827 1860 r

671 1535 701 1555 mr

659 1621 701 1651 hem

679 1716 702 1746 uri

695 1821 700 1840 ι

814 1541 831 1576 α

813 1637 831 1670 [1,

657 1811 716 1842 amu
812 1813 822 1860 J

213 1930 243 1988 in
264 1927 341 1990 hanc
363 1937 542 1992 verteretur:

522 2073 588 2104 kemla.
793 2073 859 2104 kemla!-

717 2091 962 2127 ....—....C

522 2177 586 2209 leniat.
793 2178 858 2211 haia.
948 2195 963 2232 c

718 2225 930 2233 —a-——an—

282 2380 394 2477 l'ostea
427 2381 558 2444 membra
591 2385 692 2466 priora
727 2405 829 2448 rursus
864 2383 1081 2462 consonabant,
1117 2389 1271 2476 figuraque

214 2493 290 2556 lacta
320 2505 377 2557 cst:
964 2509 965 2512 ’

522 2641 588 2673 amtor.
681 2647 701 2694 d
797 2641 863 2674 mine.
952 2659 967 2694 c

446 2685 659 2695 u—-.-.-—.

447 2749 700 2801 *md
949 2763 964 2799 c

213 2948 260 3010 vel
283 2950 308 3011 si
331 2951 361 3009 in
384 2949 521 3034 strophas
545 2949 717 3014 dividimus:

812 3084 832 3131 d

583 3189 828 3226 -—--——-C

583 3273 832 3322 ---——d

813 3381 829 3417 0

215 3504 289 3568 quae
314 3494 358 3544 est
381 3485 572 3545 consonantia
594 3482 817 3567 interlaqucata.

278 3622 358 3684 Haec
382 3625 575 3685 consonantia
597 3624 628 3683 in
652 3621 739 3684 docta
761 3623 846 3706 poc'si
866 3622 957 3685 latina
976 3625 1039 3707 jain
1063 3627 1272 3710 antiquissimis
1318 3657 1323 3664 ¹

213 3735 396 3822 temporibus
419 3739 582 3822 reperitur,
607 3733 689 3798 haud
704 3739 764 3800 scio
782 3757 818 3798 an
836 3736 898 3820 jam
914 3738 1030 3800 saeculo
1048 3753 1169 3824 quarto,
1195 3756 1271 3807 certe

272 4011 289 4077 ¹)
317 4010 411 4064 Wolf
430 4011 478 4063 loo.
499 4013 539 4063 cit.
563 4029 619 4082 pag.
638 4010 699 4065 202.
717 4009 779 4065 203.

269 4108 288 4174 ²)
316 4106 412 4158 Wolf
431 4107 480 4159 loc.
500 4109 540 4159 cit.
566 4125 622 4178 pag.
642 4105 703 4160 227.
723 4125 779 4176 sqq.

269 4203 289 4268 ³)
318 4201 348 4254 ci.
368 4203 460 4256 Wolf
481 4203 530 4256 loc.
550 4205 590 4255 cit.
616 4222 672 4274 pag.
693 4201 751 4255 166.
772 4221 827 4271 sqq.
