3012 4872
731 284 824 379 50'

228 519 424 601 reperiuntur.
464 515 519 576 Hic
532 524 631 598 ‘putta
655 513 737 576 dives
760 527 823 576 crat
844 527 872 576 et
888 513 994 576 nobilis
1013 525 1042 575 ct
1058 516 1135 575 inter
1151 512 1286 596 aequales

230 631 364 692 doctrina
387 639 549 712 praestans.
596 627 690 706 Anno
711 627 793 686 1172
824 649 890 689 cum
917 627 1083 689 Friederico
1109 626 1286 708 Imperatore
1344 665 1349 670 ι

188 763 197 857 q
229 746 260 804 in
282 742 393 804 ltaliam
418 741 551 824 profecto
582 761 648 802 cum
673 743 770 824 poetis
793 741 896 802 italicis
920 753 949 802 et
969 737 1201 824 provincialibus
1225 740 1286 800 sinc

164 835 175 857 ,ι’

168 863 191 910 n
231 843 322 918 dubio
352 867 416 916 erat
443 852 642 927 consuetude,
674 857 772 937 itaque
800 853 910 915 factum
939 865 997 928 est,
1027 865 1186 914 uteorum
1210 862 1286 927 artes

25 843 56 902 1).
65 828 141 888 lars
150 861 163 900 2¹

39 902 42 913 ,
69 891 127 960 μή)
150 903 164 916 ‚s

131 1013 135 1018 -
196 910 201 1030 i
231 979 434 1052 cognosceret,
460 986 567 1050 easque
590 969 620 1028 in
641 970 767 1050 patriam
790 967 917 1028 inferret.
953 965 1101 1046 Quamdiu
1124 985 1287 1026 consonan-

230 1084 286 1147 tias
309 1081 535 1164 interlaqueatas
558 1082 733 1141 intrinsecus
750 1080 881 1142 excultas
904 1102 967 1141 esse
989 1079 1089 1140 videre
1104 1099 1165 1138 non
1179 1097 1286 1159 possu-

231 1215 311 1268 mus,
337 1191 448 1254 tamdiu
468 1191 524 1253 hac
538 1192 696 1255 Friederici
713 1194 748 1254 dc
763 1193 883 1255 Hausen
899 1193 1056 1255 traditione
1073 1212 1121 1252 cas
1137 1193 1166 1251 in
1180 1190 1286 1273 po'e‘sin

230 1297 404 1368 theotiscam
426 1303 561 1366 inductas
585 1327 647 1367 esse
671 1305 807 1368 arbitrari
829 1328 931 1368 sumus
955 1303 1058 1368 coacti

296 1418 365 1480 Inde
387 1440 404 1478 a
419 1417 578 1480 Friederici
594 1417 629 1479 de
644 1418 765 1482 Hausen
787 1419 969 1503 temporibus
994 1439 1094 1478 omnes
1109 1417 1193 1500 lyrici
1216 1436 1288 1476 con-

214 1532 373 1592 'sonantiis
396 1531 615 1614 interloquentis
639 1543 708 1592 sunt
729 1535 785 1592 usi.
820 1531 884 1592 Lex
908 1543 987 1592 certa
1010 1552 1098 1616 quam
1119 1529 1206 1612 longe
1228 1549 1289 1588 una

233 1645 426 1704 consonantia
438 1641 474 1704 ab
492 1643 597 1718 altera,
623 1665 698 1728 quae
715 1647 741 1705 ci
755 1643 916 1728 respondet
931 1643 1036 1706 debeat
1057 1643 1169 1717 abesse,
1192 1661 1289 1724 neque

231 1758 262 1816 in
284 1757 369 1839 pot'si
391 1754 480 1816 medii
503 1759 568 1818 aevi
589 1757 748 1831 theotisca,
773 1778 870 1842 neque
892 1761 922 1817 in
944 1757 1042 1818 italica
1057 1755 1109 1816 scd
1128 1758 1158 1814 in
1172 1753 1290 1814 franco-

231 1868 336 1951 gallica
352 1880 396 1928 est
411 1871 580 1930 constituta.
612 1868 661 1930 Sic
679 1868 915 1931 Gottsriedus
939 1868 979 1928 de
999 1867 1129 1929 Neiscn
1150 1863 1289 1948 strophas

225 1981 399 2062 composuit
424 1982 530 2063 viginti
557 1992 624 2041 octo
651 2003 806 2056 versuum,
838 1984 868 2042 in
896 1981 1003 2065 qarihus
1030 1977 1289 2040 versusdecimus

233 2095 352 2176 quintus
377 2114 443 2153 cum
468 2095 581 2176 primo,
608 2115 712 2155 versus
740 2095 868 2156 decimus
896 2107 997 2154 sextus
1025 2113 1091 2154 cum
1118 2091 1208 2152 altero
1233 2100 1288 2149 etc.

233 2199 435 2282 consonant¹)
467 2207 508 2266 sic
536 2205 683 2268 Ulricus
715 2205 755 2268 de
783 2206 1042 2268 Lichtenstcin
1072 2203 1193 2266 modum
1221 2199 1291 2262 serit

233 2317 519 2394 artificiosissimum,
544 2319 574 2376 in
597 2338 656 2400 quo
679 2319 775 2399 prima
797 2317 919 2401 stropha
942 2331 1054 2402 septem
1070 2336 1208 2378 versuum
1227 2333 1290 2374 eas-

234 2426 300 2489 dem
324 2427 408 2490 affert
431 2432 653 2504 consonantias,
682 2429 773 2491 altera
796 2431 919 2515 stropha
945 2444 1056 2514 septem
1083 2429 1291 2490 consonantias

234 2540 380 2615 diversas,
421 2544 508 2603 tertia
539 2544 652 2625 primae
688 2544 834 2627 aequalis,
875 2557 979 2629 quarta
1005 2541 1165 2626 respondet
1192 2539 1289 2612 alteri,

234 2656 353 2737 quintae
377 2655 516 2737 strophae
541 2667 669 2739 quatuor
689 2659 776 2740 primi
798 2679 902 2718 versus
925 2656 1060 2740 aequales
1077 2667 1146 2717 sunt
1161 2663 1291 2736 quatuor

232 2768 334 2850 primis
362 2765 497 2828 versibus
526 2769 637 2851 primae
666 2781 695 2830 et
722 2773 839 2844 tertiae,
871 2782 930 2832 tres
952 2769 1047 2830 ultimi
1068 2779 1171 2829 versus
1194 2763 1292 2827 tribus
1358 2816 1361 2818 .

183 2927 184 2934 1
233 2879 343 2941 ultimis
377 2879 512 2942 versibus
549 2881 668 2943 alterius
709 2895 738 2943 ct
772 2895 893 2967 quartae
929 2883 1068 2966 'strophae
1101 2877 1290 2964 respondent.

235 2990 383 3054 Ulricus
413 2991 454 3054 de
480 2993 742 3056 Lichtenstein
768 2999 831 3080 ipse
854 2995 890 3058 de
912 2997 970 3057 hcc
991 2995 1080 3056 modo
1105 2992 1187 3073 dicit:
1211 2989 1292 3065 ,‚dr'cc

235 3103 292 3164 liet
314 3104 361 3164 eil
367 3125 527 3185 ,1110110901
549 3107 617 3167 nita
638 3121 799 3170 verstaont
826 3149 861 3156 -
886 3149 922 3156 -
945 3147 980 3156 -
1002 3111 1032 3167 si
1052 3108 1139 3168 roden
1160 3104 1294 3184 qetilctet

206 3213 216 3220 ”
234 3216 438 3292 1111111ἄονὶ1οή,
467 3219 518 3278 die
539 3224 617 3280 111110
637 3233 780 3300 penetret
801 3222 1005 3286 meisterlteic.
1051 3216 1291 3284 Gottfricdus

236 3329 277 3391 de
299 3329 387 3394 Nais
391 3351 432 3391 en
462 3315 565 3394 eodem
587 3333 801 3396 utitur-modo.

302 3442 520 3508 Consonantiae
554 3448 662 3506 condes
697 3468 771 3531 quas
800 3449 890 3510 Wolf
916 3446 1000 3534 (pag.
1021 3447 1106 3522 1213,
1137 3445 1206 3508 Not.
1231 3439 1291 3521 53)

138 3609 145 3624 ,
235 3560 265 3618 in
288 3557 433 3618 theotisca
456 3579 574 3642 quoque
597 3563 682 3643 pot'si
705 3560 901 3636 demonstrat,
932 3565 1058 3645 primum
1088 3558 1165 3642 apud
1188 3555 1292 3618 Wal-

236 3668 385 3732 thernm
416 3692 488 3732 von
523 3669 585 3733 der
611 3672 852 3757 Vogelweide
882 3673 968 3735 nohis
996 3684 1168 3745 occurrunt,
1199 3669 1292 3730 multo

236 3785 327 3867 igitur
349 3796 433 3866 post,
465 3804 553 3868 quam
578 3789 786 3848 consonantiae
809 3786 1071 3871 interlaquaeatae,
1103 3805 1210 3868 casque
1232 3804 1293 3844 non

236 3898 411 3957 intrinsecus
434 3897 582 3972 0110111115,
607 3897 659 3960 sed
680 3898 839 3962 traditione
862 3912 1042 3984 propagatas
1066 3920 1128 3960 esse
1149 3896 1292 3958 videmus.

295 4137 313 4200 1>
341 4135 507 4188 Benecke's
527 4137 643 4208 Beitriigc
663 4138 683 4200 Ι,
703 4139 745 4190 Nr.
759 4139 817 4191 tlt.
