3012 4872
714 363 819 460 51,

275 565 388 628 Deinde
410 569 588 628 mentionem
609 564 731 628 facimus
825 623 834 630 .

394 840 426 909 3.
457 837 773 910 Consonantiarum
799 823 922 910 mediis
951 837 1081 911 stichiis

576 972 634 1039 (dte
651 977 767 1024 incerere
784 972 903 1036 Raima).

277 1131 377 1195 Verba
405 1143 581 1206 consonant,
616 1153 690 1215 quae
712 1131 815 1193 mediis
842 1131 945 1194 iisdem
968 1131 1015 1193 vel
1037 1129 1162 1193 divorsis
1185 1153 1268 1214 repc-

209 1249 328 1307 riuntur
349 1245 474 1319 stichiis,
498 1244 688 1328 stropharum
704 1247 922 1306 constructione
936 1265 1123 1330 nequaquam
1139 1255 1262 1305 mutata.

211 1358 295 1437 Quae
311 1361 519 1419 consonantiae
530 1379 617 1440 saepe
634 1357 799 1419 difficillime
816 1357 1037 1442 cognoscendae
1049 1379 1145 1442 neque
1164 1378 1268 1418 acon-

211 1473 353 1531 sonantiis
375 1469 511 1532 finalibus
535 1469 758 1553 distinguendae
774 1483 844 1531 sunt
864 1467 1035 1554 praesentim
1060 1473 1084 1531 si
1108 1472 1268 1530 carminum

142 1591 150 1610 ⁸
211 1581 316 1643 modos
339 1604 400 1642 non
422 1575 553 1656 noveris,
585 1603 677 1665 quum
704 1584 735 1643 in
763 1582 913 1644 veteribus
936 1585 1142 1665 manuscriptis
1165 1603 1268 1644 versus

210 1716 271 1756 non
294 1692 467 1778 separentur
480 1689 510 1774 ¹).
1155 1698 1159 1702 ’
1213 1695 1217 1704 ’

279 1805 496 1868 Consonantias
510 1805 620 1897 'mediis
644 1807 754 1868 stichiis
780 1811 908 1891 primum
930 1807 991 1870 vidi
1018 1807 1098 1892 apud
1122 1782 1151 1870 H
1157 1810 1270 1869 einri-

212 1941 293 1981 cum
317 1918 499 1980 chucke
513 1915 535 1998 ²)
551 1931 614 1980 tum
630 1918 957 2002 apudWaltherum
971 1943 1045 1982 von
1062 1917 1269 2002 derVogel-

212 2023 381 2110 weidc³),
406 2030 651 2093 Wolframum
675 2033 715 2094 de
737 2029 1030 2110 Eschenbach⁴),
1054 2031 1270 2093 Heinricum

211 2139 489 2226 Scriptorem⁶).
522 2142 785 2224 Neidha'rtus⁶)
809 2158 838 2206 et
862 2145 1104 2208 Gottiricdus
1128 2142 1269 2205 chai-

211 2255 272 2318 fen
287 2251 309 2334 ⁷)
332 2258 367 2316 iis
389 2257 436 2315 usi
458 2267 543 2328 sunt,
577 2255 684 2339 quihus
715 2279 804 2318 sonos
834 2258 948 2340 aliquos
971 2260 1164 2317 imitarentur.
1202 2254 1270 2316 Alia

211 2369 347 2451 exempla
361 2367 432 2428 'vide
449 2365 529 2450 apud
543 2366 755 2441 Wizlavum
779 2368 820 2429 de
842 2363 1037 2451 Ruegen⁸).
1079 2361 1279 2430 Conradus‘

212 2480 253 2541 de
276 2478 491 2562 Wiirzburg
512 2469 657 2562 po'c'mati's
680 2477 869 2558 qucllcurd
893 2479 1048 2541 exordium
1071 2472 1270 2542 consonantiis

211 2591 314 2654 mediis
337 2591 448 2652 stichiis
472 2593 603 2664 ornavit,
628 2593 722 2675 iisque
745 2595 775 2652 in
799 2590 976 2653 carminibus
992 2595 1052 2654 suis
1068 2594 1167 2677 lyricis
1183 2612 1270 2676 saepe

210 2727 283 2766 usus
307 2699 393 2783 est⁹),
417 2723 554 2766 necnon
577 2702 725 2766 Ulricus
749 2703 791 2764 de
814 2703 1075 2767 Lichtenstein
1091 2699 1137 2783 ¹⁰).

206 2949 210 2972 ·'
270 2944 288 3009 ¹)
317 2941 347 2994 cf.
371 2943 549 2994 Lachmann
574 2959 607 2994 zu
630 2943 749 2996 Walther
776 2959 827 2996 von
857 2943 901 2996 der
928 2943 1109 3014 Vogclwcide,
1134 2959 1189 3014 pag.
1208 2941 1270 3007 208,

210 3039 276 3090 Note
295 3055 328 3089 zu
346 3035 388 3092 36.
412 3067 446 3076 -
471 3037 548 3090 Diez
567 3055 623 3109 pag.
643 3037 677 3092 97
703 3056 759 3107 sqq.
780 3037 887 3090 109-
905 3039 1086 3091 Lachmann
1099 3039 1161 3091 tiber
1174 3039 1270 3108 Singcn

212 3133 267 3184 und
286 3133 369 3202 Sagen
386 3150 443 3201 pag.
458 3131 498 3184 10.
1294 3129 1297 3135 ’
1376 3119 1378 3123 ’

268 3230 288 3295 ²)
314 3229 380 3280 Man.
402 3227 503 3279 Samml.
523 3228 543 3291 Ι,
562 3247 618 3299 pag.
632 3227 690 3282 999·
712 3228 761 3280 Str.
781 3207 878 3291 2-5,
894 3246 950 3298 pag.
972 3227 1051 3281 100³·
1064 3228 1113 3281 Str.
1134 3226 1221 3279 4-6.

268 3325 289 3391 ²)
317 3323 355 3375 ed.
374 3324 567 3386 Lachmann,
587 3341 642 3394 pag.
656 3322 699 3386 98,
718 3322 760 3375 40.
781 3323 812 3376 cf.
825 3325 945 3376 Lachm.
959 3333 1013 3377 not.
1027 3353 1060 3362 -
1081 3323 1140 3388 106,
1161 3321 1194 3376 17
1213 3340 1269 3391 sqq.

213 3449 246 3457 -—
267 3418 325 3482 122,
344 3417 387 3470 24.
408 3417 438 3470 cf.
457 3418 580 3469 Lachm.
600 3427 653 3470 not.

269 3517 289 3583 ⁴)
318 3514 356 3567 cd.
376 3514 567 3576 Lachmann,
586 3531 642 3584 pag.
662 3511 686 3575 7,
706 3511 748 3564 41.

271 3613 290 3678 5)
317 3611 383 3663 Man.
405 3609 507 3661 Sammh
527 3609 561 3670 ΙΙ,
579 3627 636 3678 pag.
657 3607 732 3661 103¹»
750 3608 800 3662 Str.
819 3607 907 3662 3-5.

269 3707 291 3774 ⁶)
318 3707 384 3758 Man.
406 3705 507 3757 Samml.
527 3704 560 3768 ΙΙ,
580 3702 640 3756 80¹³·
654 3705 703 3756 Str.
724 3704 747 3756 1.

271 3805 291 3869 ')
318 3820 380 3854 von
400 3800 452 3852 der
470 3801 601 3870 Hagcn's
620 3801 750 3862 Muscam,
769 3815 826 3870 pag.
845 3797 905 3852 386.

271 3900 291 3965 ι)
318 3897 496 3968 Altdeutsches
529 3895 797 3966 Meistergesaugbuch
817 3897 858 3946 'in
885 3894 1025 3947 Mtiller’s
1055 3895 1203 3965 Sammlung
1230 3893 1269 3957 ΙΙ,

213 4010 269 4064 pag.
289 3991 331 4055 30,
350 4011 374 4044 r.
394 3990 425 4045 31
447 4009 503 4060 sqq.

272 4090 292 4156 ⁹)
319 4086 573 4158 Wackernagel’s
591 4086 737 4149 Lcscbuch,
756 4103 812 4156 pag.
832 4084 892 4152 699,
912 4084 972 4138 709
1037 4121 1039 4125 -
1141 4087 1144 4095 ’

261 4186 293 4251 ¹⁰)
321 4183 519 4247 Fraucndicust,
532 4176 577 4235 cd.
598 4182 788 4247 Lachmann,
807 4182 894 4234 Berlin
914 4180 995 4244 1841,
1014 4199 1071 4251 pag.
1090 4179 1151 4244 39t,
1172 4178 1229 4232 185.
