3012 4872
765 336 786 406 2

696 434 854 445 *-

240 539 537 626 praestantissimum,
575 539 734 604 verborum
769 546 991 606 consonantiam
1025 541 1155 617 finalem,
1200 544 1304 629 quoad

242 672 319 734 oculi
342 673 399 734 mei
421 673 529 734 insueti
554 683 583 734 et
604 674 681 734 vires
706 670 815 735 debiles
837 675 1004 758 potuerint,
1037 671 1210 736 incumbere
1234 696 1306 758 ope·

240 824 304 864 ram
330 804 433 886 posui,
467 824 484 864 a
517 802 622 866 studiis
650 803 740 886 hujus
767 805 824 866 viri
852 802 1012 866 doctissimi
1035 802 1147 866 lentem
1169 804 1304 878 trahent,

242 954 336 1017 quum
368 931 526 996 deteriores
556 945 670 1018 partes,
702 933 741 1021 ad
768 936 846 996 vires
876 955 955 996 meas
980 932 1108 996 infirmas
1131 935 1304 1019 respiciam,

244 1065 283 1124 sis
313 1074 518 1125 excusaturus.
566 1061 628 1125 Sed
655 1085 692 1126 ue
722 1067 842 1126 omnino
872 1064 991 1149 quidem
1019 1063 1189 1149 imperfecta
1217 1064 1306 1146 hujus

241 1195 342 1278 scripti
376 1192 505 1256 conditio
538 1193 610 1255 mihi
639 1195 695 1257 soli
724 1195 912 1259 attribuenda
941 1206 999 1268 est,
1034 1216 1137 1256 verum
1172 1194 1301 1278 aliquam

243 1324 348 1408 culpae
377 1335 491 1408 partem
522 1321 622 1386 confer
647 1327 678 1387 iu
700 1327 841 1411 temporis
864 1325 936 1387 mihi
958 1327 1089 1388 concessi
1111 1324 1300 1403 brevitatem,

243 1476 302 1540 qua
324 1453 482 1538 impeditus
505 1476 599 1530 eram,
633 1461 791 1540 quominus
813 1454 956 1518 nonnulla
979 1455 1144 1516 accuratius
1167 1475 1303 1538 perscru-

242 1597 330 1659 tarer,
362 1587 404 1646 ita
425 1596 460 1646 ut
482 1606 584 1647 omnes
607 1585 698 1669 hujus
714 1586 885 1671 disciplinae
899 1586 987 1668 periti
1005 1583 1231 1668 explicationem
1246 1586 1306 1646 sint

243 1714 451 1790 desideraturi,
479 1714 580 1799 quoad
601 1715 720 1800 plurimi
741 1725 849 1800 poetae
873 1695 1125 1778 contractionibus
1150 1712 1307 1788 (Ktenou-

241 1843 314 1921 den)
338 1855 367 1907 et
387 1842 566 1906 abbreviatis
585 1844 698 1920 verbis,
723 1864 799 1929 quae
817 1865 895 1906 nexa
911 1855 980 1907 sunt
995 1846 1188 1906 consonantia
1203 1843 1302 1917 finali,

242 1977 289 2038 usi
316 1977 384 2036 sint.
429 1972 531 2036 ltidcm
553 1977 694 2059 temporis
718 1977 865 2060 exiguitas
892 1996 938 2036 me
962 1975 1071 2049 vetuit,
1100 1989 1137 2036 ne
1162 1995 1306 2036 commen-

242 2108 335 2168 tarios
366 2125 468 2167 omnes
496 2125 710 2189 percurrerem,
745 2107 797 2190 qui
817 2105 890 2166 mihi
913 2115 996 2166 erant
1016 2115 1145 2187 praesto.
1200 2101 1307 2166 Omnia

246 2255 280 2298 ea
303 2246 416 2310 autem,
448 2254 526 2319 quae
555 2235 627 2298 mihi
653 2238 819 2305 necessaria
841 2234 976 2298 sednon
998 2246 1118 2319 praesto
1142 2246 1240 2310 erant,
1274 2246 1308 2295 ut

242 2367 458 2450 manuscripta,
489 2365 630 2429 editiones
659 2379 755 2430 certae
783 2368 924 2452 imprimis
945 2373 1101 2450 poctarum
1124 2365 1305 2450 lyricorum,

244 2499 503 2560 commentationes
525 2497 682 2562 historicae
706 2497 742 2562 de
764 2496 962 2583 temporibus,
988 2497 1020 2558 in
1042 2516 1119 2580 quae
1141 2505 1300 2580 poetarum

243 2629 323 2689 vitae
352 2627 532 2703 inciderunt,
567 2668 602 2676 -
641 2632 740 2691 omnia
754 2629 839 2710 baec
871 2628 971 2690 deesse
1001 2629 1070 2689 viris
1100 2627 1302 2689 illustrissimis

243 2769 348 2820 notum
377 2763 446 2834 crit,
482 2757 590 2843 quibus
620 2759 677 2822 boe
709 2761 851 2844 seriptum
880 2771 925 2824 est
953 2758 1144 2831 destinatum,
1176 2756 1304 2842 ideoque

245 2890 307 2971 ejus
330 2891 408 2952 vitiis
430 2889 556 2976 benigue
582 2887 790 2976 indulgebant.
