3012 4872
673 327 775 412 ,42

222 542 292 594 sunt
306 524 336 612 ¹).
370 531 500 594 Possunt
523 544 552 596 et
574 531 698 597 obtusae
722 545 751 597 at
773 546 912 600 sonantes
936 529 1033 619 esse¹)
1057 549 1145 624 atquo
1168 541 1197 604 in
1220 551 1280 604 tres

222 644 394 708 dividuntur
415 649 537 730 specics.

285 759 324 822 Α.
354 758 455 822 Verba
485 759 585 823 cadem
609 783 675 823 cum
704 750 805 826 caldam
827 762 1054 850 significatione,
1084 778 1119 828 ut
1143 765 1280 846 quaten

221 898 228 936 :
250 873 388 954 pracoben
412 873 493 958 apud
515 874 651 938 clericum
672 874 877 953 Lambertum‚
902 881 993 959 capia
1017 901 1024 941 ε
1048 881 1140 960 nupia
1161 883 1192 943 in
1216 902 1279 944 car-

219 991 297 1052 mine
320 987 356 1052 de
377 987 525 1051 Rolantlo.

286 1100 327 1164 B.
349 1101 451 1166 Verba
485 1101 586 1164 cadem
621 1123 687 1165 cum
721 1101 839 1166 diversa
871 1105 1083 1191 significatione
1112 1117 1148 1170 ut
1173 1125 1279 1168 maere

127 1275 132 1278 .
220 1212 356 1298 (claruslz
379 1237 485 1278 maere
508 1211 672 1298 (narratio),
696 1221 714 1277 ἐ
738 1212 810 1298 (lex)
834 1241 842 1280 τ
865 1223 883 1278 e
906 1214 1023 1304 (prius).

287 1330 330 1399 0..
347 1330 449 1394 Verba
470 1331 571 1394 eadem
595 1351 661 1393 cum
679 1329 781 1394 eadem
797 1332 1027 1417 significatione,
1051 1333 1104 1397 sed
1125 1355 1187 1396 non
1210 1335 1278 1396 sim-

218 1447 318 1530 plicia,
343 1467 447 1507 verum
463 1466 529 1507 cum
546 1445 608 1506 aliis
626 1421 804 1530 composita,
828 1457 863 1507 ut
883 1446 974 1520 fielen
997 1469 1004 1508 ε
1028 1447 1186 1523 anafielen,
1208 1467 1278 1508 aer·

218 1559 347 1620 bondele
369 1582 376 1620 :
399 1553 666 1638 attentandam).

284 1673 414 1737 Potseos
436 1672 533 1734 ultimi
555 1670 721 1734 duodecimi
744 1671 853 1735 saeculi
874 1686 905 1736 et
927 1676 1007 1736 tertii
1027 1673 1130 1737 decimi
1151 1671 1276 1758 legibus,

217 1789 329 1873 primae
359 1789 466 1872 speciei
489 1807 566 1848 usus
595 1787 719 1860 vetitus,
749 1785 868 1847 alterius
898 1798 995 1848 autem
1024 1800 1053 1849 et
1079 1790 1183 1850 tertiae
1210 1808 1277 1872 per-

131 1963 136 1976 ,
217 1903 323 1962 missus
347 1909 423 1974 erat,
447 1897 500 1960 sad
523 1898 614 1960 altera
634 1897 725 1981 hujus
749 1902 958 1962 consonantiae
986 1903 1097 1986 species
1129 1903 1277 1963 rarissime

217 2017 367 2076 invenitur
378 2008 409 2092 ⁴).
447 2011 536 2094 Quod
557 2014 681 2074 vetitum
704 2010 773 2106 inde
803 2035 820 2074 a
850 2014 1035 2098 temporibus
1058 2014 1216 2077 Friederici
1240 2013 1276 2076 de
1318 2039 1320 2044 ·

216 2127 337 2192 Hausen
370 2139 400 2190 et
431 2125 560 2189 Heinrici
591 2125 626 2188 de
655 2124 786 2188 Vcldelte
815 2125 969 2212 diligenter
996 2126 1187 2190 observatum
1216 2137 1292 2203 ast3*

218 2244 352 2328 quamvis
371 2242 434 2324 jam
457 2225 542 2302 antea
564 2239 649 2302 multi
669 2249 776 2323 po'e‘tac
791 2234 813 2318 ⁶)
835 2243 934 2303 vetitis
958 2240 1147 2326 tangentibus
1171 2262 1276 2302 conso-

216 2357 325 2418 nantiis
348 2376 409 2416 non
431 2356 491 2416 sint
512 2357 568 2417 usi.
611 2353 686 2416 Post
708 2353 878 2416 Heinricurn
901 2353 936 2417 de
959 2353 1090 2417 Veldeke
1117 2355 1276 2416 nonnullae

217 2473 406 2555 exceptiones
428 2472 538 2554 passim
560 2470 762 2552 reperiuntur,
786 2468 959 2553 plerumque
983 2480 1080 2531 autem
1110 2489 1276 2530 consonan-

217 2588 264 2648 tiis
286 2582 438 2668 hisyllahis
462 2595 515 2644 aut
535 2580 695 2666 trisyllabis
720 2602 786 2643 cum
808 2580 922 2665 syllaba
936 2581 1017 2643 finali
1032 2594 1155 2644 accentu
1170 2577 1274 2661 elata⁶)

217 2700 367 2782 mitigatae
399 2697 447 2759 vel
479 2708 583 2758 tectae.
636 2695 762 2757 Peccata
795 2706 897 2779 aperta
924 2693 993 2756 vide
1028 2697 1059 2756 in
1098 2694 1275 2760 carminibus

218 2811 357 2888 Gudrim,
383 2810 435 2873 der
456 2808 585 2872 welsche
609 2807 696 2883 Gast,
720 2807 807 2870 Flore
829 2807 893 2870 und
914 2807 1126 2873 Blanscheflur.

216 3009 428 3022 .—-———-—-

274 3132 293 3198 1)
321 3130 352 3182 cf.
371 3130 459 3193 Ilien,
480 3127 520 3182 (lie
538 3089 630 3182 Poesie
650 3127 694 3181 der
713 3128 913 3194 Troubadours‚
932 3145 988 3199 pag.
1001 3125 1044 3182 96.

272 3227 292 3294 ’)
321 3225 397 3290 Quod
415 3224 446 3277 ad
465 3227 656 3277 consonantiam
674 3233 818 3295 tangentem
837 3227 939 3287 attinet,
965 3225 1020 3291 ejus
1046 3222 1202 3296 syllabarum
1225 3243 1273 3278 nu-

215 3339 300 3376 merus
319 3340 371 3373 non
396 3330 435 3374 est
457 3319 617 3391 spectandus.
647 3319 728 3372 Nimis
751 3337 843 3390 magna
867 3321 1046 3372 consonantiae
1072 3321 1196 3371 accuratio
1222 3329 1273 3382 est,

215 3420 326 3489 ideoque
344 3420 370 3470 iu
387 3427 458 3488 parte
475 3416 639 3488 praecedente
657 3415 698 3468 vel
718 3425 831 3485 separata
850 3425 902 3468 erat
919 3415 1055 3468 tractanda.
1085 3415 1115 3468 ld
1140 3415 1209 3484 quod
1228 3433 1273 3468 au-

215 3525 267 3568 tem
285 3518 369 3568 minus
389 3523 474 3583 aptum
492 3514 555 3566 mihi
572 3516 657 3566 visum
677 3520 728 3575 est,
749 3529 824 3580 quam
843 3512 913 3581 quod
931 3513 1122 3567 hicinscratur.

272 3613 293 3677 ³)
320 3611 400 3662 lwein
419 3609 496 3662 6224.
514 3639 548 3647 -
568 3609 645 3661 Conr.
664 3626 689 3660 v.
708 3608 873 3677 Wiirzburg,
891 3607 951 3674 troj.
970 3607 1049 3678 Krieg
1068 3607 1162 3660 15520.

273 3707 293 3773 ⁴)
321 3705 374 3758 Gur
390 3708 484 3774 primae
504 3707 595 3775 speciei
612 3721 677 3756 usus
696 3703 775 3755 fuerit
791 3704 887 3755 vetitus
907 3705 1025 3772 quisquis
1043 3704 1117 3756 facile
1134 3704 1273 3776 iutelliget3

215 3803 279 3856 nihil
299 3804 365 3855 enim
384 3803 480 3872 negotii
499 3811 550 3866 est,
570 3799 761 3853 consonantiam
784 3798 875 3852 iisdem
899 3798 980 3852 facere
998 3800 1096 3864 verbis,
1115 3801 1272 3870 itaquelu-

136 3923 171 3936 ·-
215 3900 285 3971 gusti
304 3897 335 3951 (le
352 3897 443 3950 Platen
462 3897 579 3968 ghaselae
598 3913 678 3966 nuper
697 3895 791 3958 editae,
812 3911 918 3965 quarum
938 3899 1119 3951 consonantiae
1140 3905 1272 3968 tangentes

212 4003 289 4058 sunt,
308 4011 361 4047 non
379 3994 440 4045 artis
460 4010 517 4046 esse
535 3994 597 4047 mihi
614 3993 742 4046 videntur.

274 4091 294 4157 ⁸)
320 4089 461 4152 Entecrist,
479 4088 598 4159 Legenda
615 4107 676 4141 tom
693 4087 804 4150 Pilatus,
823 4087 908 4157 llb'nig
927 4088 1032 4142 Rotbcr.

273 4187 294 4254 ὅ)
322 4185 352 4238 cf.
371 4185 388 4238 l
406 4193 436 4238 ut
453 4186 625 4240 Hartmannus
645 4185 675 4239 de
694 4186 763 4249 Aue,
782 4184 852 4239 Arm.
872 4184 959 4237 Heinr.
979 4203 1004 4238 v.
1025 4182 1083 4238 167.
