<?xml version="1.0" encoding="UTF-8"?>
<!DOCTYPE html PUBLIC "-//W3C//DTD XHTML 1.0 Transitional//EN"
    "http://www.w3.org/TR/xhtml1/DTD/xhtml1-transitional.dtd">
<html xmlns="http://www.w3.org/1999/xhtml" xml:lang="en" lang="en">
 <head>
  <title>
</title>
<meta http-equiv="Content-Type" content="text/html;charset=utf-8" />
  <meta name='ocr-system' content='tesseract 3.04.00' />
  <meta name='ocr-capabilities' content='ocr_page ocr_carea ocr_par ocr_line ocrx_word'/>
</head>
<body>
  <div class='ocr_page' id='page_1' title='image "./detheotiscaepos00meyegoog_0054.png"; bbox 0 0 3012 4872; ppageno 0'>
   <div class='ocr_carea' id='block_1_1' title="bbox 623 329 781 438">
    <p class='ocr_par' dir='ltr' id='par_1_1' title="bbox 623 329 781 438">
     <span class='ocr_line' id='line_1_1' title="bbox 623 329 781 438; baseline 0.013 -3"><span class='ocrx_word' id='word_1_1' title='bbox 623 329 781 438; x_wconf 50' lang='lat' dir='ltr'>A.</span> 
     </span>
    </p>
   </div>
   <div class='ocr_carea' id='block_1_2' title="bbox 102 533 1296 1858">
    <p class='ocr_par' dir='ltr' id='par_1_2' title="bbox 102 533 1296 1858">
     <span class='ocr_line' id='line_1_2' title="bbox 177 533 1233 619; baseline 0.002 -21"><span class='ocrx_word' id='word_1_2' title='bbox 177 539 252 598; x_wconf 88' lang='lat' dir='ltr'>circa</span> <span class='ocrx_word' id='word_1_3' title='bbox 291 557 400 596; x_wconf 90' lang='lat' dir='ltr'>annum</span> <span class='ocrx_word' id='word_1_4' title='bbox 433 533 516 595; x_wconf 78' lang='lat' dir='ltr'>liae</span> <span class='ocrx_word' id='word_1_5' title='bbox 547 537 742 618; x_wconf 85' lang='lat' dir='ltr'>compositum</span> <span class='ocrx_word' id='word_1_6' title='bbox 768 537 895 619; x_wconf 88' lang='lat' dir='ltr'>primum</span> <span class='ocrx_word' id='word_1_7' title='bbox 920 538 951 598; x_wconf 91' lang='lat' dir='ltr'>in</span> <span class='ocrx_word' id='word_1_8' title='bbox 980 540 1065 619; x_wconf 79' lang='lat' dir='ltr'>po&#39;csi</span> <span class='ocrx_word' id='word_1_9' title='bbox 1089 537 1233 604; x_wconf 75' lang='lat' dir='ltr'>theotisca</span> 
     </span>
     <span class='ocr_line' id='line_1_3' title="bbox 176 647 1232 732; baseline 0.003 -21"><span class='ocrx_word' id='word_1_10' title='bbox 176 648 279 711; x_wconf 89' lang='lat' dir='ltr'>orbum</span> <span class='ocrx_word' id='word_1_11' title='bbox 323 647 445 732; x_wconf 78' lang='lat' dir='ltr'>profert.</span> <span class='ocrx_word' id='word_1_12' title='bbox 496 647 605 710; x_wconf 78' lang='lat' dir='ltr'><strong>Postea</strong></span> <span class='ocrx_word' id='word_1_13' title='bbox 644 647 783 732; x_wconf 82' lang='lat' dir='ltr'>strophae</span> <span class='ocrx_word' id='word_1_14' title='bbox 830 651 949 732; x_wconf 85' lang='lat' dir='ltr'>opicae,</span> <span class='ocrx_word' id='word_1_15' title='bbox 993 649 1073 713; x_wconf 92' lang='lat' dir='ltr'>orhis</span> <span class='ocrx_word' id='word_1_16' title='bbox 1111 651 1232 714; x_wconf 88' lang='lat' dir='ltr'>indutae</span> 
     </span>
     <span class='ocr_line' id='line_1_4' title="bbox 174 754 1296 848; baseline 0.004 -26"><span class='ocrx_word' id='word_1_17' title='bbox 174 764 371 844; x_wconf 25' lang='lat' dir='ltr'>inapotmate</span> <span class='ocrx_word' id='word_1_18' title='bbox 401 759 437 822; x_wconf 79' lang='lat' dir='ltr'>cle</span> <span class='ocrx_word' id='word_1_19' title='bbox 469 759 667 823; x_wconf 87' lang='lat' dir='ltr'>Salomone</span> <span class='ocrx_word' id='word_1_20' title='bbox 697 774 726 823; x_wconf 87' lang='lat' dir='ltr'>ct</span> <span class='ocrx_word' id='word_1_21' title='bbox 754 761 917 824; x_wconf 89' lang='lat' dir='ltr'>Morolso</span> <span class='ocrx_word' id='word_1_22' title='bbox 948 776 1120 838; x_wconf 84' lang='lat' dir='ltr'>occurrunt,</span> <span class='ocrx_word' id='word_1_23' title='bbox 1158 785 1232 848; x_wconf 89' lang='lat' dir='ltr'>quae</span> <span class='ocrx_word' id='word_1_24' title='bbox 1291 754 1296 760; x_wconf 35' lang='lat'><strong>⁴</strong></span> 
     </span>
     <span class='ocr_line' id='line_1_5' title="bbox 173 873 1232 962; baseline 0.005 -28"><span class='ocrx_word' id='word_1_25' title='bbox 173 874 247 936; x_wconf 87' lang='lat' dir='ltr'>hanc</span> <span class='ocrx_word' id='word_1_26' title='bbox 270 873 398 935; x_wconf 86' lang='lat' dir='ltr'>formant</span> <span class='ocrx_word' id='word_1_27' title='bbox 420 873 545 958; x_wconf 86' lang='lat' dir='ltr'>figuram</span> <span class='ocrx_word' id='word_1_28' title='bbox 568 873 697 936; x_wconf 76' lang='lat' dir='ltr'>nabab.</span> <span class='ocrx_word' id='word_1_29' title='bbox 734 875 858 959; x_wconf 82' lang='lat' dir='ltr'>Lyricus</span> <span class='ocrx_word' id='word_1_30' title='bbox 873 875 1048 938; x_wconf 82' lang='lat' dir='ltr'>Kiirnher</span> <span class='ocrx_word' id='word_1_31' title='bbox 1056 897 1091 961; x_wconf 84' lang='lat' dir='ltr'>g,</span> <span class='ocrx_word' id='word_1_32' title='bbox 1108 877 1232 962; x_wconf 88' lang='lat' dir='ltr'>stropha</span> 
     </span>
     <span class='ocr_line' id='line_1_6' title="bbox 173 985 1231 1073; baseline 0.004 -25"><span class='ocrx_word' id='word_1_33' title='bbox 173 987 220 1048; x_wconf 89' lang='lat' dir='ltr'>illa</span> <span class='ocrx_word' id='word_1_34' title='bbox 243 1007 319 1070; x_wconf 86' lang='lat' dir='ltr'>quae</span> <span class='ocrx_word' id='word_1_35' title='bbox 337 985 444 1048; x_wconf 88' lang='lat' dir='ltr'>dicitur</span> <span class='ocrx_word' id='word_1_36' title='bbox 466 987 839 1066; x_wconf 76' lang='lat' dir='ltr'>„Nibelachaatropltc”</span> <span class='ocrx_word' id='word_1_37' title='bbox 862 1009 935 1050; x_wconf 89' lang='lat' dir='ltr'>usus</span> <span class='ocrx_word' id='word_1_38' title='bbox 952 1001 1009 1064; x_wconf 90' lang='lat' dir='ltr'>est,</span> <span class='ocrx_word' id='word_1_39' title='bbox 1035 1011 1110 1073; x_wconf 89' lang='lat' dir='ltr'>quae</span> <span class='ocrx_word' id='word_1_40' title='bbox 1126 1012 1231 1054; x_wconf 92' lang='lat' dir='ltr'>conso-</span> 
     </span>
     <span class='ocr_line' id='line_1_7' title="bbox 172 1099 1233 1188; baseline 0.006 -28"><span class='ocrx_word' id='word_1_41' title='bbox 172 1102 278 1161; x_wconf 88' lang='lat' dir='ltr'>nantiis</span> <span class='ocrx_word' id='word_1_42' title='bbox 303 1111 332 1160; x_wconf 88' lang='lat' dir='ltr'>ct</span> <span class='ocrx_word' id='word_1_43' title='bbox 354 1099 434 1160; x_wconf 89' lang='lat' dir='ltr'>orbis</span> <span class='ocrx_word' id='word_1_44' title='bbox 451 1104 618 1183; x_wconf 89' lang='lat' dir='ltr'>composita</span> <span class='ocrx_word' id='word_1_45' title='bbox 633 1121 695 1162; x_wconf 89' lang='lat' dir='ltr'>esse</span> <span class='ocrx_word' id='word_1_46' title='bbox 710 1099 805 1162; x_wconf 86' lang='lat' dir='ltr'>videri</span> <span class='ocrx_word' id='word_1_47' title='bbox 819 1114 928 1184; x_wconf 90' lang='lat' dir='ltr'>potest.</span> <span class='ocrx_word' id='word_1_48' title='bbox 966 1101 1129 1187; x_wconf 74' lang='lat' dir='ltr'>Spervogel</span> <span class='ocrx_word' id='word_1_49' title='bbox 1144 1125 1233 1188; x_wconf 86' lang='lat' dir='ltr'>saepe</span> 
     </span>
     <span class='ocr_line' id='line_1_8' title="bbox 173 1212 1231 1296; baseline 0.004 -22"><span class='ocrx_word' id='word_1_50' title='bbox 173 1212 294 1296; x_wconf 86' lang='lat' dir='ltr'>stropha</span> <span class='ocrx_word' id='word_1_51' title='bbox 317 1215 426 1286; x_wconf 91' lang='lat' dir='ltr'>utitur,</span> <span class='ocrx_word' id='word_1_52' title='bbox 452 1233 527 1296; x_wconf 90' lang='lat' dir='ltr'>quae</span> <span class='ocrx_word' id='word_1_53' title='bbox 550 1235 605 1275; x_wconf 82' lang='lat' dir='ltr'>sex</span> <span class='ocrx_word' id='word_1_54' title='bbox 628 1215 826 1274; x_wconf 81' lang='lat' dir='ltr'>consonantiis</span> <span class='ocrx_word' id='word_1_55' title='bbox 851 1226 881 1275; x_wconf 91' lang='lat' dir='ltr'>et</span> <span class='ocrx_word' id='word_1_56' title='bbox 902 1235 962 1275; x_wconf 92' lang='lat' dir='ltr'>uno</span> <span class='ocrx_word' id='word_1_57' title='bbox 986 1214 1061 1277; x_wconf 90' lang='lat' dir='ltr'>orbo</span> <span class='ocrx_word' id='word_1_58' title='bbox 1085 1229 1130 1278; x_wconf 91' lang='lat' dir='ltr'>est</span> <span class='ocrx_word' id='word_1_59' title='bbox 1144 1239 1231 1278; x_wconf 88' lang='lat' dir='ltr'>com·</span> 
     </span>
     <span class='ocr_line' id='line_1_9' title="bbox 172 1304 1231 1410; baseline 0.005 -24"><span class='ocrx_word' id='word_1_60' title='bbox 172 1328 276 1409; x_wconf 86' lang='lat' dir='ltr'>posita.</span> <span class='ocrx_word' id='word_1_61' title='bbox 315 1323 514 1408; x_wconf 86' lang='lat' dir='ltr'>Temporibus</span> <span class='ocrx_word' id='word_1_62' title='bbox 528 1325 758 1408; x_wconf 81' lang='lat' dir='ltr'>posterioribus,</span> <span class='ocrx_word' id='word_1_63' title='bbox 785 1304 892 1410; x_wconf 85' lang='lat' dir='ltr'>quibus</span> <span class='ocrx_word' id='word_1_64' title='bbox 917 1331 1126 1390; x_wconf 82' lang='lat' dir='ltr'>consonantiae</span> <span class='ocrx_word' id='word_1_65' title='bbox 1141 1331 1231 1392; x_wconf 90' lang='lat' dir='ltr'>inter·</span> 
     </span>
     <span class='ocr_line' id='line_1_10' title="bbox 171 1437 1231 1523; baseline 0.005 -25"><span class='ocrx_word' id='word_1_66' title='bbox 171 1438 323 1521; x_wconf 85' lang='lat' dir='ltr'>laqueatae</span> <span class='ocrx_word' id='word_1_67' title='bbox 342 1437 404 1520; x_wconf 82' lang='lat' dir='ltr'>jam</span> <span class='ocrx_word' id='word_1_68' title='bbox 429 1437 641 1499; x_wconf 86' lang='lat' dir='ltr'>consuetudine</span> <span class='ocrx_word' id='word_1_69' title='bbox 663 1451 799 1522; x_wconf 81' lang='lat' dir='ltr'>receptae</span> <span class='ocrx_word' id='word_1_70' title='bbox 822 1451 911 1523; x_wconf 90' lang='lat' dir='ltr'>atquc</span> <span class='ocrx_word' id='word_1_71' title='bbox 927 1443 1055 1502; x_wconf 83' lang='lat' dir='ltr'>maxima</span> <span class='ocrx_word' id='word_1_72' title='bbox 1079 1463 1144 1503; x_wconf 92' lang='lat' dir='ltr'>cum</span> <span class='ocrx_word' id='word_1_73' title='bbox 1168 1455 1231 1503; x_wconf 87' lang='lat' dir='ltr'>arte</span> 
     </span>
     <span class='ocr_line' id='line_1_11' title="bbox 171 1539 1291 1632; baseline 0.004 -21"><span class='ocrx_word' id='word_1_74' title='bbox 171 1539 331 1632; x_wconf 77' lang='lat' dir='ltr'>usurpatae</span> <span class='ocrx_word' id='word_1_75' title='bbox 356 1561 452 1626; x_wconf 90' lang='lat' dir='ltr'>erant,</span> <span class='ocrx_word' id='word_1_76' title='bbox 483 1563 581 1612; x_wconf 89' lang='lat' dir='ltr'>tamen</span> <span class='ocrx_word' id='word_1_77' title='bbox 606 1549 671 1612; x_wconf 90' lang='lat' dir='ltr'>orbi</span> <span class='ocrx_word' id='word_1_78' title='bbox 695 1554 783 1613; x_wconf 85' lang='lat' dir='ltr'>amati</span> <span class='ocrx_word' id='word_1_79' title='bbox 812 1564 895 1614; x_wconf 89' lang='lat' dir='ltr'>crant</span> <span class='ocrx_word' id='word_1_80' title='bbox 918 1565 947 1614; x_wconf 90' lang='lat' dir='ltr'>et</span> <span class='ocrx_word' id='word_1_81' title='bbox 972 1556 1082 1616; x_wconf 88' lang='lat' dir='ltr'>usitati.</span> <span class='ocrx_word' id='word_1_82' title='bbox 1123 1553 1230 1617; x_wconf 87' lang='lat' dir='ltr'>Omnes</span> <span class='ocrx_word' id='word_1_83' title='bbox 1289 1584 1291 1587; x_wconf 93' lang='lat'>·</span> 
     </span>
     <span class='ocr_line' id='line_1_12' title="bbox 172 1661 1230 1746; baseline 0.007 -24"><span class='ocrx_word' id='word_1_84' title='bbox 172 1661 231 1724; x_wconf 87' lang='lat' dir='ltr'>sere</span> <span class='ocrx_word' id='word_1_85' title='bbox 253 1662 338 1746; x_wconf 84' lang='lat' dir='ltr'>lyrici</span> <span class='ocrx_word' id='word_1_86' title='bbox 360 1664 395 1724; x_wconf 92' lang='lat' dir='ltr'>iis</span> <span class='ocrx_word' id='word_1_87' title='bbox 418 1664 464 1723; x_wconf 91' lang='lat' dir='ltr'>usi</span> <span class='ocrx_word' id='word_1_88' title='bbox 488 1674 558 1724; x_wconf 87' lang='lat' dir='ltr'>sunt</span> <span class='ocrx_word' id='word_1_89' title='bbox 587 1674 616 1724; x_wconf 87' lang='lat' dir='ltr'>et</span> <span class='ocrx_word' id='word_1_90' title='bbox 639 1663 719 1746; x_wconf 88' lang='lat' dir='ltr'>apud</span> <span class='ocrx_word' id='word_1_91' title='bbox 741 1663 989 1728; x_wconf 84' lang='lat' dir='ltr'>Wollramum</span> <span class='ocrx_word' id='word_1_92' title='bbox 1012 1666 1230 1729; x_wconf 72' lang='grc' dir='ltr'><strong>(10115011οη-</strong></span> 
     </span>
     <span class='ocr_line' id='line_1_13' title="bbox 102 1767 1161 1858; baseline 0.007 -24"><span class='ocrx_word' id='word_1_93' title='bbox 102 1787 107 1794; x_wconf 90' lang='lat'>&#39;</span> <span class='ocrx_word' id='word_1_94' title='bbox 171 1773 272 1836; x_wconf 88' lang='lat' dir='ltr'>bach</span> <span class='ocrx_word' id='word_1_95' title='bbox 281 1767 300 1852; x_wconf 84' lang='lat'>¹)</span> <span class='ocrx_word' id='word_1_96' title='bbox 325 1795 441 1836; x_wconf 90' lang='lat' dir='ltr'>carmen</span> <span class='ocrx_word' id='word_1_97' title='bbox 463 1777 640 1857; x_wconf 88' lang='lat' dir='ltr'>reperimus,</span> <span class='ocrx_word' id='word_1_98' title='bbox 666 1775 747 1858; x_wconf 88' lang='lat' dir='ltr'>quod</span> <span class='ocrx_word' id='word_1_99' title='bbox 770 1775 850 1837; x_wconf 92' lang='lat' dir='ltr'>orhis</span> <span class='ocrx_word' id='word_1_100' title='bbox 875 1779 961 1838; x_wconf 89' lang='lat' dir='ltr'>etiam</span> <span class='ocrx_word' id='word_1_101' title='bbox 985 1777 1118 1840; x_wconf 78' lang='lat' dir='ltr'>abundat</span> <span class='ocrx_word' id='word_1_102' title='bbox 1130 1776 1161 1856; x_wconf 73' lang='lat'>¹)</span> 
     </span>
    </p>
   </div>
   <div class='ocr_carea' id='block_1_3' title="bbox 238 1911 387 1992">
    <p class='ocr_par' dir='ltr' id='par_1_3' title="bbox 238 1911 387 1992">
     <span class='ocr_line' id='line_1_14' title="bbox 238 1911 387 1992; baseline -0.013 -18"><span class='ocrx_word' id='word_1_103' title='bbox 238 1911 326 1992; x_wconf 82' lang='lat' dir='ltr'>Quod</span> <span class='ocrx_word' id='word_1_104' title='bbox 349 1912 387 1973; x_wconf 86' lang='lat' dir='ltr'>ad</span> 
     </span>
    </p>
   </div>
   <div class='ocr_carea' id='block_1_4' title="bbox 390 2079 1009 2183">
    <p class='ocr_par' dir='ltr' id='par_1_4' title="bbox 390 2079 1009 2183">
     <span class='ocr_line' id='line_1_15' title="bbox 390 2079 1009 2183; baseline 0.003 -23"><span class='ocrx_word' id='word_1_105' title='bbox 390 2091 423 2160; x_wconf 83' lang='lat'>2.</span> <span class='ocrx_word' id='word_1_106' title='bbox 453 2087 708 2160; x_wconf 84' lang='lat' dir='ltr'>Consonantias</span> <span class='ocrx_word' id='word_1_107' title='bbox 736 2079 1009 2183; x_wconf 84' lang='lat' dir='ltr'>interlaqueat&#39;as</span> 
     </span>
    </p>
   </div>
   <div class='ocr_carea' id='block_1_5' title="bbox 173 2215 1228 2378">
    <p class='ocr_par' dir='ltr' id='par_1_5' title="bbox 173 2215 1228 2378">
     <span class='ocr_line' id='line_1_16' title="bbox 173 2215 1228 2292; baseline 0.004 -18"><span class='ocrx_word' id='word_1_108' title='bbox 173 2221 400 2286; x_wconf 78' lang='lat' dir='ltr'>(concatenatas,</span> <span class='ocrx_word' id='word_1_109' title='bbox 418 2217 651 2288; x_wconf 67' lang='lat' dir='ltr'>iiberscllayencte</span> <span class='ocrx_word' id='word_1_110' title='bbox 663 2225 773 2292; x_wconf 76' lang='lat' dir='ltr'>Raima,</span> <span class='ocrx_word' id='word_1_111' title='bbox 787 2215 874 2276; x_wconf 74' lang='lat' dir='ltr'>rienes</span> <span class='ocrx_word' id='word_1_112' title='bbox 886 2221 1022 2287; x_wconf 75' lang='lat' dir='ltr'>croise&#39;aa,</span> <span class='ocrx_word' id='word_1_113' title='bbox 1041 2229 1137 2278; x_wconf 72' lang='lat' dir='ltr'>micae</span> <span class='ocrx_word' id='word_1_114' title='bbox 1150 2230 1228 2287; x_wconf 71' lang='lat' dir='ltr'>rame,</span> 
     </span>
     <span class='ocr_line' id='line_1_17' title="bbox 559 2315 838 2378; baseline 0 -12"><span class='ocrx_word' id='word_1_115' title='bbox 559 2320 735 2370; x_wconf 80' lang='lat' dir='ltr'>intermovea</span> <span class='ocrx_word' id='word_1_116' title='bbox 753 2315 838 2378; x_wconf 76' lang='lat' dir='ltr'>rinae)</span> 
     </span>
    </p>
   </div>
   <div class='ocr_carea' id='block_1_6' title="bbox 152 2433 1277 3548">
    <p class='ocr_par' dir='ltr' id='par_1_6' title="bbox 152 2433 1230 2758">
     <span class='ocr_line' id='line_1_18' title="bbox 167 2433 1230 2535; baseline 0.006 -26"><span class='ocrx_word' id='word_1_117' title='bbox 167 2450 230 2531; x_wconf 88' lang='lat' dir='ltr'>jam</span> <span class='ocrx_word' id='word_1_118' title='bbox 253 2452 332 2532; x_wconf 88' lang='lat' dir='ltr'>ipsas</span> <span class='ocrx_word' id='word_1_119' title='bbox 356 2452 475 2524; x_wconf 86' lang='lat' dir='ltr'>attinet,</span> <span class='ocrx_word' id='word_1_120' title='bbox 501 2453 531 2511; x_wconf 89' lang='lat' dir='ltr'>in</span> <span class='ocrx_word' id='word_1_121' title='bbox 555 2452 638 2533; x_wconf 89' lang='lat' dir='ltr'>cpica</span> <span class='ocrx_word' id='word_1_122' title='bbox 659 2451 744 2532; x_wconf 77' lang='lat' dir='ltr'>poesi</span> <span class='ocrx_word' id='word_1_123' title='bbox 766 2455 957 2532; x_wconf 76' lang='lat' dir='ltr'>temporum,</span> <span class='ocrx_word' id='word_1_124' title='bbox 973 2450 1009 2512; x_wconf 90' lang='lat' dir='ltr'>de</span> <span class='ocrx_word' id='word_1_125' title='bbox 1027 2433 1135 2535; x_wconf 80' lang='lat' dir='ltr'>quihus</span> <span class='ocrx_word' id='word_1_126' title='bbox 1159 2453 1230 2515; x_wconf 89' lang='lat' dir='ltr'>diei-</span> 
     </span>
     <span class='ocr_line' id='line_1_19' title="bbox 152 2561 1230 2646; baseline 0.005 -23"><span class='ocrx_word' id='word_1_127' title='bbox 152 2567 251 2636; x_wconf 75' lang='lat' dir='ltr'>mm,</span> <span class='ocrx_word' id='word_1_128' title='bbox 275 2582 336 2622; x_wconf 90' lang='lat' dir='ltr'>non</span> <span class='ocrx_word' id='word_1_129' title='bbox 358 2565 553 2645; x_wconf 83' lang='lat' dir='ltr'>reperiuntur.</span> <span class='ocrx_word' id='word_1_130' title='bbox 586 2561 722 2645; x_wconf 87' lang='lat' dir='ltr'>Lyricam</span> <span class='ocrx_word' id='word_1_131' title='bbox 744 2563 849 2644; x_wconf 82' lang='lat' dir='ltr'>poe&#39;sin</span> <span class='ocrx_word' id='word_1_132' title='bbox 870 2565 1072 2646; x_wconf 54' lang='lat' dir='ltr'>respicientem</span> <span class='ocrx_word' id='word_1_133' title='bbox 1097 2568 1127 2627; x_wconf 88' lang='lat' dir='ltr'>in</span> <span class='ocrx_word' id='word_1_134' title='bbox 1149 2578 1230 2628; x_wconf 85' lang='lat' dir='ltr'>vete-</span> 
     </span>
     <span class='ocr_line' id='line_1_20' title="bbox 171 2657 1230 2758; baseline 0.008 -23"><span class='ocrx_word' id='word_1_135' title='bbox 171 2674 253 2736; x_wconf 85' lang='lat' dir='ltr'>ribus</span> <span class='ocrx_word' id='word_1_136' title='bbox 267 2657 400 2758; x_wconf 82' lang='lat' dir='ltr'>strophis</span> <span class='ocrx_word' id='word_1_137' title='bbox 412 2674 561 2740; x_wconf 85' lang='lat' dir='ltr'>Dietmaro</span> <span class='ocrx_word' id='word_1_138' title='bbox 579 2673 615 2735; x_wconf 89' lang='lat' dir='ltr'>de</span> <span class='ocrx_word' id='word_1_139' title='bbox 624 2673 690 2736; x_wconf 87' lang='lat' dir='ltr'>Eist</span> <span class='ocrx_word' id='word_1_140' title='bbox 704 2672 860 2758; x_wconf 84' lang='lat' dir='ltr'>adscriptis</span> <span class='ocrx_word' id='word_1_141' title='bbox 874 2666 955 2736; x_wconf 90' lang='lat' dir='ltr'>nulla</span> <span class='ocrx_word' id='word_1_142' title='bbox 971 2681 1230 2744; x_wconf 83' lang='lat' dir='ltr'>consonantiarum</span> 
     </span>
    </p>

    <p class='ocr_par' dir='ltr' id='par_1_7' title="bbox 170 2768 1277 3548">
     <span class='ocr_line' id='line_1_21' title="bbox 172 2768 1274 2874; baseline 0.004 -25"><span class='ocrx_word' id='word_1_143' title='bbox 172 2800 429 2849; x_wconf 87' lang='lat' dir='ltr'>concatenatarum</span> <span class='ocrx_word' id='word_1_144' title='bbox 458 2790 583 2871; x_wconf 89' lang='lat' dir='ltr'>vestigia</span> <span class='ocrx_word' id='word_1_145' title='bbox 610 2787 758 2860; x_wconf 84' lang='lat' dir='ltr'>videmus3</span> <span class='ocrx_word' id='word_1_146' title='bbox 793 2787 1009 2874; x_wconf 83' lang='lat' dir='ltr'>Kiirnhergi</span> <span class='ocrx_word' id='word_1_147' title='bbox 1038 2802 1135 2852; x_wconf 90' lang='lat' dir='ltr'>autem</span> <span class='ocrx_word' id='word_1_148' title='bbox 1165 2813 1229 2853; x_wconf 76' lang='lat' dir='ltr'>sen-</span> <span class='ocrx_word' id='word_1_149' title='bbox 1272 2768 1274 2780; x_wconf 40' lang='grc' dir='ltr'>Ι</span> 
     </span>
     <span class='ocr_line' id='line_1_22' title="bbox 170 2898 1229 2987; baseline 0.003 -24"><span class='ocrx_word' id='word_1_150' title='bbox 170 2904 263 2963; x_wconf 89' lang='lat' dir='ltr'>tentia</span> <span class='ocrx_word' id='word_1_151' title='bbox 286 2899 324 2962; x_wconf 90' lang='lat' dir='ltr'>ad</span> <span class='ocrx_word' id='word_1_152' title='bbox 346 2901 399 2962; x_wconf 89' lang='lat' dir='ltr'>has</span> <span class='ocrx_word' id='word_1_153' title='bbox 424 2903 630 2962; x_wconf 88' lang='lat' dir='ltr'>consonantias</span> <span class='ocrx_word' id='word_1_154' title='bbox 649 2900 710 2982; x_wconf 91' lang='lat' dir='ltr'>jam</span> <span class='ocrx_word' id='word_1_155' title='bbox 734 2898 852 2963; x_wconf 86' lang='lat' dir='ltr'>videtur</span> <span class='ocrx_word' id='word_1_156' title='bbox 874 2902 1028 2978; x_wconf 90' lang='lat' dir='ltr'>inclinare,</span> <span class='ocrx_word' id='word_1_157' title='bbox 1060 2903 1141 2987; x_wconf 89' lang='lat' dir='ltr'>apud</span> <span class='ocrx_word' id='word_1_158' title='bbox 1163 2925 1229 2966; x_wconf 90' lang='lat' dir='ltr'>eum</span> 
     </span>
     <span class='ocr_line' id='line_1_23' title="bbox 171 3012 1229 3101; baseline 0.005 -27"><span class='ocrx_word' id='word_1_159' title='bbox 171 3012 268 3087; x_wconf 87' lang='lat' dir='ltr'>orbis,</span> <span class='ocrx_word' id='word_1_160' title='bbox 300 3015 351 3096; x_wconf 92' lang='lat' dir='ltr'>qui</span> <span class='ocrx_word' id='word_1_161' title='bbox 379 3014 455 3074; x_wconf 83' lang='lat' dir='ltr'>inter</span> <span class='ocrx_word' id='word_1_162' title='bbox 482 3034 586 3074; x_wconf 82' lang='lat' dir='ltr'>versus</span> <span class='ocrx_word' id='word_1_163' title='bbox 615 3016 807 3074; x_wconf 88' lang='lat' dir='ltr'>consonantia</span> <span class='ocrx_word' id='word_1_164' title='bbox 835 3027 955 3076; x_wconf 86' lang='lat' dir='ltr'>ornatos</span> <span class='ocrx_word' id='word_1_165' title='bbox 979 3027 1110 3091; x_wconf 88' lang='lat' dir='ltr'>exstant,</span> <span class='ocrx_word' id='word_1_166' title='bbox 1142 3039 1229 3101; x_wconf 86' lang='lat' dir='ltr'>saepe</span> 
     </span>
     <span class='ocr_line' id='line_1_24' title="bbox 172 3123 1229 3214; baseline 0.003 -27"><span class='ocrx_word' id='word_1_167' title='bbox 172 3124 380 3188; x_wconf 87' lang='lat' dir='ltr'>assonantihus</span> <span class='ocrx_word' id='word_1_168' title='bbox 402 3139 437 3187; x_wconf 95' lang='lat' dir='ltr'>ut</span> <span class='ocrx_word' id='word_1_169' title='bbox 465 3123 758 3189; x_wconf 78' lang='lat' dir='ltr'>leidea2aclceiderr.</span> <span class='ocrx_word' id='word_1_170' title='bbox 798 3125 936 3187; x_wconf 89' lang='lat' dir='ltr'>Meinlo</span> <span class='ocrx_word' id='word_1_171' title='bbox 967 3125 1008 3190; x_wconf 83' lang='lat' dir='ltr'>de</span> <span class='ocrx_word' id='word_1_172' title='bbox 1038 3127 1229 3214; x_wconf 83' lang='lat' dir='ltr'>Sellingen</span> 
     </span>
     <span class='ocr_line' id='line_1_25' title="bbox 171 3236 1228 3326; baseline 0.005 -27"><span class='ocrx_word' id='word_1_173' title='bbox 171 3237 409 3322; x_wconf 87' lang='lat' dir='ltr'>etBurggraf</span> <span class='ocrx_word' id='word_1_174' title='bbox 435 3238 476 3300; x_wconf 88' lang='lat' dir='ltr'>de</span> <span class='ocrx_word' id='word_1_175' title='bbox 504 3236 754 3322; x_wconf 86' lang='lat' dir='ltr'>Regcnsburg</span> <span class='ocrx_word' id='word_1_176' title='bbox 783 3240 981 3300; x_wconf 90' lang='lat' dir='ltr'>consonantiis</span> <span class='ocrx_word' id='word_1_177' title='bbox 1009 3241 1228 3326; x_wconf 85' lang='lat' dir='ltr'>interlaqueatis</span> 
     </span>
     <span class='ocr_line' id='line_1_26' title="bbox 170 3350 1228 3440; baseline 0.006 -29"><span class='ocrx_word' id='word_1_178' title='bbox 170 3351 325 3435; x_wconf 75' lang='lat' dir='ltr'>aliquoties</span> <span class='ocrx_word' id='word_1_179' title='bbox 355 3364 493 3426; x_wconf 91' lang='lat' dir='ltr'>utuntur,</span> <span class='ocrx_word' id='word_1_180' title='bbox 533 3350 584 3412; x_wconf 90' lang='lat' dir='ltr'>sed</span> <span class='ocrx_word' id='word_1_181' title='bbox 617 3373 739 3434; x_wconf 91' lang='lat' dir='ltr'>parcum</span> <span class='ocrx_word' id='word_1_182' title='bbox 773 3354 804 3413; x_wconf 91' lang='lat' dir='ltr'>in</span> <span class='ocrx_word' id='word_1_183' title='bbox 836 3351 976 3426; x_wconf 80' lang='lat' dir='ltr'>modum3</span> <span class='ocrx_word' id='word_1_184' title='bbox 1017 3351 1228 3440; x_wconf 85' lang='lat' dir='ltr'>Spervogel</span> 
     </span>
     <span class='ocr_line' id='line_1_27' title="bbox 170 3462 1277 3548; baseline 0.001 -23"><span class='ocrx_word' id='word_1_185' title='bbox 170 3485 290 3548; x_wconf 91' lang='lat' dir='ltr'>quoque</span> <span class='ocrx_word' id='word_1_186' title='bbox 309 3465 463 3526; x_wconf 86' lang='lat' dir='ltr'>rarissime.</span> <span class='ocrx_word' id='word_1_187' title='bbox 495 3463 527 3526; x_wconf 92' lang='lat' dir='ltr'>ln</span> <span class='ocrx_word' id='word_1_188' title='bbox 549 3462 684 3526; x_wconf 91' lang='lat' dir='ltr'>omnihus</span> <span class='ocrx_word' id='word_1_189' title='bbox 703 3476 799 3525; x_wconf 88' lang='lat' dir='ltr'>antem</span> <span class='ocrx_word' id='word_1_190' title='bbox 816 3463 992 3525; x_wconf 87' lang='lat' dir='ltr'>carminibus</span> <span class='ocrx_word' id='word_1_191' title='bbox 1023 3466 1047 3526; x_wconf 87' lang='lat' dir='ltr'>F</span> <span class='ocrx_word' id='word_1_192' title='bbox 1054 3466 1228 3546; x_wconf 89' lang='lat' dir='ltr'>riederici</span> <span class='ocrx_word' id='word_1_193' title='bbox 1273 3495 1277 3500; x_wconf 89' lang='lat'><em>·</em></span> 
     </span>
    </p>
   </div>
   <div class='ocr_carea' id='block_1_7' title="bbox 170 3575 1329 3660">
    <p class='ocr_par' dir='ltr' id='par_1_8' title="bbox 170 3575 1329 3660">
     <span class='ocr_line' id='line_1_28' title="bbox 170 3575 1329 3660; baseline 0.002 -22"><span class='ocrx_word' id='word_1_194' title='bbox 170 3577 214 3638; x_wconf 89' lang='lat' dir='ltr'>de</span> <span class='ocrx_word' id='word_1_195' title='bbox 240 3577 403 3650; x_wconf 88' lang='lat' dir='ltr'>Hausea,</span> <span class='ocrx_word' id='word_1_196' title='bbox 435 3578 487 3660; x_wconf 92' lang='lat' dir='ltr'>qui</span> <span class='ocrx_word' id='word_1_197' title='bbox 514 3575 622 3638; x_wconf 82' lang='lat' dir='ltr'>formas</span> <span class='ocrx_word' id='word_1_198' title='bbox 651 3586 775 3660; x_wconf 78' lang='lat' dir='ltr'>poeseos</span> <span class='ocrx_word' id='word_1_199' title='bbox 805 3578 924 3640; x_wconf 85' lang='lat' dir='ltr'>omnino</span> <span class='ocrx_word' id='word_1_200' title='bbox 949 3577 1091 3652; x_wconf 81' lang='lat' dir='ltr'>excoluit,</span> <span class='ocrx_word' id='word_1_201' title='bbox 1122 3599 1228 3640; x_wconf 90' lang='lat' dir='ltr'>conso·</span> <span class='ocrx_word' id='word_1_202' title='bbox 1326 3593 1329 3601; x_wconf 81' lang='grc'><strong>“</strong></span> 
     </span>
    </p>
   </div>
   <div class='ocr_carea' id='block_1_8' title="bbox 168 3688 1312 3774">
    <p class='ocr_par' dir='ltr' id='par_1_9' title="bbox 168 3688 1312 3774">
     <span class='ocr_line' id='line_1_29' title="bbox 168 3688 1312 3774; baseline 0.002 -22"><span class='ocrx_word' id='word_1_203' title='bbox 168 3693 287 3752; x_wconf 86' lang='lat' dir='ltr'>nantiac</span> <span class='ocrx_word' id='word_1_204' title='bbox 309 3689 552 3772; x_wconf 86' lang='lat' dir='ltr'>interlaqueatae,</span> <span class='ocrx_word' id='word_1_205' title='bbox 578 3688 813 3752; x_wconf 84' lang='lat' dir='ltr'>artificiosissime</span> <span class='ocrx_word' id='word_1_206' title='bbox 840 3699 868 3752; x_wconf 89' lang='lat' dir='ltr'>et</span> <span class='ocrx_word' id='word_1_207' title='bbox 893 3690 1104 3774; x_wconf 86' lang='lat' dir='ltr'>elegantissime</span> <span class='ocrx_word' id='word_1_208' title='bbox 1122 3690 1224 3766; x_wconf 87' lang='lat' dir='ltr'>factae,</span> <span class='ocrx_word' id='word_1_209' title='bbox 1309 3703 1312 3708; x_wconf 86' lang='grc'><strong>’</strong></span> 
     </span>
    </p>
   </div>
   <div class='ocr_carea' id='block_1_9' title="bbox 167 3861 380 3870">
    <p class='ocr_par' dir='ltr' id='par_1_10' title="bbox 167 3861 380 3870">
     <span class='ocr_line' id='line_1_30' title="bbox 167 3861 380 3870; baseline -0.009 0"><span class='ocrx_word' id='word_1_210' title='bbox 167 3861 380 3870; x_wconf 60' lang='grc' dir='ltr'>μ--ι-ι--ι-</span> 
     </span>
    </p>
   </div>
   <div class='ocr_carea' id='block_1_10' title="bbox 170 3961 1224 4223">
    <p class='ocr_par' dir='ltr' id='par_1_11' title="bbox 170 3961 1224 4223">
     <span class='ocr_line' id='line_1_31' title="bbox 229 3961 830 4033; baseline 0.005 -22"><span class='ocrx_word' id='word_1_211' title='bbox 229 3965 246 4028; x_wconf 81' lang='grc'>1)</span> <span class='ocrx_word' id='word_1_212' title='bbox 276 3962 313 4012; x_wconf 83' lang='lat' dir='ltr'>cd.</span> <span class='ocrx_word' id='word_1_213' title='bbox 334 3963 525 4025; x_wconf 83' lang='lat' dir='ltr'>Lachmann,</span> <span class='ocrx_word' id='word_1_214' title='bbox 544 3981 599 4033; x_wconf 87' lang='lat' dir='ltr'>pag.</span> <span class='ocrx_word' id='word_1_215' title='bbox 620 3962 644 4026; x_wconf 84' lang='lat'>7,</span> <span class='ocrx_word' id='word_1_216' title='bbox 663 3981 687 4014; x_wconf 79' lang='lat' dir='ltr'>u.</span> <span class='ocrx_word' id='word_1_217' title='bbox 707 3961 739 4015; x_wconf 77' lang='lat' dir='ltr'>tl</span> <span class='ocrx_word' id='word_1_218' title='bbox 760 3981 830 4032; x_wconf 87' lang='lat' dir='ltr'>seqq.</span> 
     </span>
     <span class='ocr_line' id='line_1_32' title="bbox 228 4057 1224 4129; baseline 0.003 -23"><span class='ocrx_word' id='word_1_219' title='bbox 228 4061 246 4123; x_wconf 79' lang='lat'>²)</span> <span class='ocrx_word' id='word_1_220' title='bbox 276 4057 305 4107; x_wconf 81' lang='lat' dir='ltr'>ci.</span> <span class='ocrx_word' id='word_1_221' title='bbox 325 4058 416 4119; x_wconf 84' lang='lat' dir='ltr'>Diez,</span> <span class='ocrx_word' id='word_1_222' title='bbox 436 4076 491 4127; x_wconf 86' lang='lat' dir='ltr'>pag.</span> <span class='ocrx_word' id='word_1_223' title='bbox 502 4057 543 4120; x_wconf 77' lang='lat'>96,</span> <span class='ocrx_word' id='word_1_224' title='bbox 563 4057 623 4110; x_wconf 81' lang='lat'>260.</span> <span class='ocrx_word' id='word_1_225' title='bbox 638 4059 864 4126; x_wconf 84' lang='lat' dir='ltr'>-Lachmann</span> <span class='ocrx_word' id='word_1_226' title='bbox 883 4058 945 4110; x_wconf 84' lang='lat' dir='ltr'>tiber</span> <span class='ocrx_word' id='word_1_227' title='bbox 960 4058 1054 4128; x_wconf 85' lang='lat' dir='ltr'>Singen</span> <span class='ocrx_word' id='word_1_228' title='bbox 1067 4059 1120 4110; x_wconf 80' lang='lat' dir='ltr'>uncl</span> <span class='ocrx_word' id='word_1_229' title='bbox 1135 4058 1224 4129; x_wconf 82' lang='lat' dir='ltr'>Sagen,</span> 
     </span>
     <span class='ocr_line' id='line_1_33' title="bbox 170 4151 287 4223; baseline -0.009 -19"><span class='ocrx_word' id='word_1_230' title='bbox 170 4172 225 4223; x_wconf 82' lang='lat' dir='ltr'>pag.</span> <span class='ocrx_word' id='word_1_231' title='bbox 247 4151 287 4204; x_wconf 86' lang='grc'><strong>16.</strong></span> 
     </span>
    </p>
   </div>
   <div class='ocr_carea' id='block_1_11' title="bbox 968 4265 985 4317">
    <p class='ocr_par' dir='ltr' id='par_1_12' title="bbox 968 4265 985 4317">
     <span class='ocr_line' id='line_1_34' title="bbox 968 4265 985 4317; baseline 0 0"><span class='ocrx_word' id='word_1_232' title='bbox 968 4265 985 4317; x_wconf 85' lang='grc'>4</span> 
     </span>
    </p>
   </div>
   <div class='ocr_carea' id='block_1_12' title="bbox 0 0 1510 4872">
    <p class='ocr_par' dir='ltr' id='par_1_13' title="bbox 0 0 1510 4872">
     <span class='ocr_line' id='line_1_35' title="bbox 0 0 1510 4872; baseline 0 4"><span class='ocrx_word' id='word_1_233' title='bbox 0 0 1510 4872; x_wconf 95' lang='lat' dir='ltr'> </span> 
     </span>
    </p>
   </div>
  </div>
 </body>
</html>
