3012 4872
277 669 310 739 2.
338 667 409 739 Aut
427 653 657 736 elliteraticne
676 662 933 737 hemistichium
953 685 1032 736 cum
1054 661 1291 748 antecedente,

339 795 569 869 consonantia
582 794 678 867 fmali
693 818 772 866 cum
787 806 957 890 sequente
971 795 1122 879 nectitur
1134 792 1203 864 hee
1216 816 1292 865 rur-

340 949 400 998 sus
429 925 658 999 alliterutione
685 949 765 998 cum
789 925 954 1022 proximu
981 936 1016 997 ct
1044 925 1094 996 sie
1121 946 1228 1020 perro
1255 935 1294 996 ut

337 1056 417 1128 talis
436 1056 551 1152 figura
570 1056 790 1129 conficiatur:
819 1067 861 1151 (in
885 1093 944 1157 qua
959 1073 1087 1134 numeris
1110 1071 1226 1156 sing'da
1241 1070 1293 1133 he-

336 1187 480 1249 mistichia
503 1182 727 1272 significantur)
1027 1181 1029 1186 ’

805 1405 812 1471 ι
835 1447 967 1501 alliterunt.

546 1505 812 1630 2—-n

570 1656 812 1780 ·——-t

834 1611 982 1656 consonant.

835 1759 896 1812 ellit.

301 2630 396 2713 Hujus
414 2627 548 2713 equidem
563 2627 636 2713 legis
652 2632 832 2692 mentionem
855 2652 871 2692 a
893 2631 964 2692 viris
988 2627 1082 2692 doctis
1105 2629 1211 2692 saetam
1234 2652 1296 2693 esse

234 2746 348 2817 nesci0‚
381 2754 587 2827 praeterquam
610 2741 693 2827 quod
715 2743 733 2806 J
740 2742 882 2806 acubus
906 2743 1041 2806 Grimm
1057 2737 1077 2821 ¹)
1101 2765 1164 2805 eum
1194 2743 1294 2828 paullo

235 2855 390 2919 obscurius
419 2867 449 2918 ct
477 2852 573 2916 obiter
600 2857 712 2941 attigit,
743 2857 791 2919 vel
818 2859 918 2941 potius
947 2856 1119 2942 intelligenti
1152 2860 1295 2942 attingere

235 2969 360 3032 videtur.
386 2969 498 3030 Tamen
513 2968 620 3029 herum
641 2971 842 3054 exemplorum
858 2972 928 3032 satis
944 2991 1068 3055 magnus
1084 2991 1223 3032 uumerus
1241 2982 1293 3032 est.

303 3109 335 3170 ln
356 3105 627 3170 Hildchrandc:

468 3295 496 3334 v.
522 3275 551 3335 t.
576 3273 827 3360 sunniatarungds

579 3389 623 3448 iro
647 3408 714 3449 saro
738 3389 839 3450 rihtun

582 3512 711 3585 garutun
734 3523 764 3563 se
787 3504 832 3562 irc
856 3499 1028 3586 gudhamun

580 3626 691 3699 gurtun
714 3614 760 3676 sih
782 3627 874 3677 swert
897 3635 952 3675 una

578 3728 692 3791 helidds
715 3725 792 3790 ubar
818 3727 923 3811 hringa

580 3841 618 3903 do
643 3844 683 3903 sie
706 3844 729 3902 ti
753 3840 823 3903 dere
846 3839 935 3923 hiltju
957 3842 1100 3904 ritum...

446 3955 554 4018 ibidem
576 3978 605 4016 v.
631 3953 682 4029 39‚
709 3954 760 4014 40.

236 4105 446 4116 ι-ι--ο--ῌ

312 4201 330 4266 ¹)
358 4173 472 4251 Andreas
492 4197 544 4250 und
562 4195 654 4260 Elem,
674 4215 729 4266 pag.
750 4193 851 4260 XLlll,
871 4195 965 4248 XLIV.
