3012 4872
753 356 776 426 6

687 455 847 466 ι--ι-ι

237 560 337 624 itidem
359 569 498 645 potmata
520 563 719 624 vetustissima
742 561 923 646 reliquarum
946 563 1099 626 nationum
1123 562 1299 629 Romanica·

237 711 304 754 rum
318 690 407 754 medii
422 691 532 754 saeculi
547 679 714 754 duodecimi
737 705 767 754 et
787 695 876 777 primi
899 692 1003 756 decimi
1025 697 1119 770 tertii,
1143 697 1174 758 in
1190 658 1299 782 quibus

236 831 394 906 poetarum
416 821 646 918 provinciolum,
672 791 723 907 (pri
746 821 886 886 dicuntur
907 821 1175 898 „Trondedoure“
1200 829 1299 912 poesis

237 953 382 1014 minorem
400 951 464 1034 jam
492 951 538 1014 vel
566 952 707 1036 majorem
736 955 796 1016 mm
818 952 971 1017 habuerat.
1005 954 1038 1017 ln
1060 954 1168 1042 linguis
1191 957 1299 1020 celticis

240 1084 435 1145 consonantia
456 1081 616 1145 verbortun
638 1082 733 1146 finalis
754 1083 906 1169 prioribus
923 1084 986 1167 jam
1001 1085 1185 1171 temporibus
1208 1108 1300 1172 appa·

237 1225 284 1277 ret
312 1225 342 1277 et
369 1213 490 1297 majoris
521 1224 565 1277 est
587 1216 728 1277 momenti
751 1235 840 1300 quam
863 1215 1017 1280 alliteratio
1032 1210 1062 1297 ¹).
1101 1217 1134 1279 ln
1155 1219 1300 1301 poematis

239 1343 397 1408 hibernicis
420 1343 488 1407 inde
501 1366 529 1406 a
551 1343 669 1408 saeculo
692 1357 779 1408 sexto
802 1341 986 1431 reperitur').
1024 1346 1137 1414 Eodem
1152 1346 1212 1410 lere
1227 1359 1301 1410 tem·

238 1497 313 1562 perc
336 1478 530 1571 consonantia
553 1487 678 1561 apparet
698 1478 730 1537 in
752 1479 837 1561 potsi
852 1477 945 1572 galina
961 1472 1141 1558 (walischer)
1153 1469 1187 1558 ²),
1212 1476 1305 1558 Quod

242 1606 280 1670 ad
298 1606 485 1671 Germanicas
510 1605 636 1691 denique
658 1606 775 1692 linguas
798 1609 916 1683 attinet,
941 1611 1134 1670 consonantia
1148 1607 1244 1670 finalis
1261 1647 1297 1658 -

239 1749 275 1802 ut
297 1737 438 1822 exemplis
461 1739 492 1799 in
518 1739 614 1821 prima
635 1749 755 1800 nostrae
785 1709 1038 1800 commentationis
1067 1738 1302 1823 parte'dcmon-

239 1879 352 1931 stratur
366 1905 402 1916 -
422 1870 452 1928 in
473 1867 693 1951 septentrionali
716 1870 801 1952 potsi
819 1867 882 1951 jam
906 1870 936 1929 in
957 1867 1062 1931 lidda
1083 1871 1247 1945 inveniam,
1270 1872 1302 1932 in

241 1998 387 2068 tlteotisca
409 1996 476 2060 inde
501 1996 538 2060 ab
562 2009 669 2060 octavo
699 1998 833 2074 saeculo,
857 2000 889 2060 in
918 1999 1174 2084 anglo-saxonica
1204 2011 1301 2064 autem

240 2129 358 2193 saeculo
382 2130 517 2213 septimo.

309 2259 407 2342 Quum
422 2261 454 2322 in
468 2271 572 2321 nostra
587 2257 800 2344 disceptatione
819 2269 946 2344 poeseos
964 2259 1128 2348 theotiscae
1142 2259 1302 2324 verborum

241 2391 465 2454 consonantiam
494 2389 610 2453 finalem
640 2391 698 2452 nisi
731 2412 786 2475 per
814 2401 930 2476 tempus
966 2390 1118 2476 quoddam
1152 2390 1303 2454 definitum

241 2525 384 2608 prosequi
405 2520 550 2595 nolimus,
574 2541 636 2582 non
658 2496 876 2606 supervacuum
900 2521 1137 2597 asscribatur,
1161 2525 1187 2585 si
1210 2533 1314 2592 totam

184 2679 189 2684 ·
240 2653 395 2715 historiam
412 2653 622 2714 consonantiae
636 2650 799 2714 theotiscae
814 2650 911 2715 obiter
924 2652 1153 2736 perlustramus,
1176 2665 1212 2716 ut
1233 2675 1303 2717 con·

182 2757 184 2760 V
243 2784 340 2847 silium
362 2795 497 2846 nostrum
519 2780 672 2867 probetur.

309 2914 446 2977 Forsitan
469 2912 566 2976 medio
585 2913 649 2996 jam
671 2912 789 2974 saeculo
812 2934 893 2976 nono
911 2914 1074 2978 monachus
1099 2912 1249 2978 Otfried
1269 2915 1305 2978 li-

241 3047 330 3110 brum
354 3044 591 3131 evangeliorum
614 3064 718 3106 versus
735 3047 929 3108 consonantia
943 3044 1024 3108 finali
1039 3067 1134 3108 nexos
1150 3049 1303 3110 continens

246 3251 458 3265 ——..-——-

318 3374 337 3441 ¹)
356 3371 387 3425 ef.
407 3370 516 3442 Conyb
531 3387 613 3435 care,
633 3371 806 3424 lllustrations
826 3371 855 3424 ol
864 3370 1060 3444 Angla-Saron
1077 3381 1177 3444 poetry.
1196 3372 1306 3428 London

246 3475 323 3532 1826.
342 3475 367 3531 8.
385 3494 442 3548 pag.
455 3475 552 3529 LVlll.

320 3582 340 3649 ¹)
361 3581 410 3634 0³0
420 3598 514 3644 onor,
530 3581 626 3633 Rerum
637 3565 822 3634 hibernicarum
836 3581 986 3651 Scriptores.
1001 3579 1061 3632 Vol.
1074 3579 1094 3632 l.
1113 3578 1306 3651 Prelegomena,

245 3703 301 3757 pag.
312 3685 398 3738 LXVI
419 3703 453 3738 ss.
468 3717 502 3724 -
517 3685 718 3757 Gonybcare‚
742 3685 790 3736 lor.
817 3686 857 3737 cit.
876 3684 1108 3738 le-Lx1.-
1125 3684 1307 3750 Hardiman,

246 3790 317 3843 lrish
345 3790 508 3862 Miustrelsy,
537 3791 589 3844 vol.
609 3790 646 3852 ll,
674 3807 730 3860 pag.
750 3787 802 3842 359
822 3807 856 3842 ss.
876 3817 909 3826 -
930 3790 1039 3853 Guest,
1067 3785 1116 3842 loe.
1141 3790 1181 3841 eit.
1209 3789 1261 3842 rol.
1281 3789 1307 3854 1,

247 3911 303 3964 pag.
318 3892 369 3946 120
380 3923 413 3930 -
426 3895 478 3947 vol.
493 3895 527 3958 ll,
545 3913 603 3966 pag.
616 3893 666 3947 281
688 3903 713 3946 et
730 3893 791 3946 294.

320 3975 1308 4087 aammemmmmwmmmmmmmm

150 4087 1204 4175 'emmmmmmmmmmmfflm
