<?xml version="1.0" encoding="UTF-8"?>
<!DOCTYPE html PUBLIC "-//W3C//DTD XHTML 1.0 Transitional//EN"
    "http://www.w3.org/TR/xhtml1/DTD/xhtml1-transitional.dtd">
<html xmlns="http://www.w3.org/1999/xhtml" xml:lang="en" lang="en">
 <head>
  <title>
</title>
<meta http-equiv="Content-Type" content="text/html;charset=utf-8" />
  <meta name='ocr-system' content='tesseract 3.04.00' />
  <meta name='ocr-capabilities' content='ocr_page ocr_carea ocr_par ocr_line ocrx_word'/>
</head>
<body>
  <div class='ocr_page' id='page_1' title='image "./detheotiscaepos00meyegoog_0048.png"; bbox 0 0 3012 4872; ppageno 0'>
   <div class='ocr_carea' id='block_1_1' title="bbox 717 349 765 420">
    <p class='ocr_par' dir='ltr' id='par_1_1' title="bbox 717 349 765 420">
     <span class='ocr_line' id='line_1_1' title="bbox 717 349 765 420; baseline 0.042 -2"><span class='ocrx_word' id='word_1_1' title='bbox 717 349 765 420; x_wconf 86' lang='grc'>43</span> 
     </span>
    </p>
   </div>
   <div class='ocr_carea' id='block_1_2' title="bbox 662 448 821 458">
    <p class='ocr_par' dir='ltr' id='par_1_2' title="bbox 662 448 821 458">
     <span class='ocr_line' id='line_1_2' title="bbox 662 448 821 458; baseline 0.013 -2"><span class='ocrx_word' id='word_1_2' title='bbox 662 448 821 458; x_wconf 81' lang='lat'>—----—-</span> 
     </span>
    </p>
   </div>
   <div class='ocr_carea' id='block_1_3' title="bbox 157 554 1355 2228">
    <p class='ocr_par' dir='ltr' id='par_1_3' title="bbox 211 554 1273 871">
     <span class='ocr_line' id='line_1_3' title="bbox 278 554 1271 642; baseline 0 -22"><span class='ocrx_word' id='word_1_3' title='bbox 278 557 313 620; x_wconf 90' lang='lat' dir='ltr'>Si</span> <span class='ocrx_word' id='word_1_4' title='bbox 334 557 407 619; x_wconf 89' lang='lat' dir='ltr'>nihil</span> <span class='ocrx_word' id='word_1_5' title='bbox 431 568 494 620; x_wconf 92' lang='lat' dir='ltr'>erat</span> <span class='ocrx_word' id='word_1_6' title='bbox 515 557 628 641; x_wconf 86' lang='lat' dir='ltr'>negotii</span> <span class='ocrx_word' id='word_1_7' title='bbox 643 557 749 618; x_wconf 86' lang='lat' dir='ltr'>vetitas</span> <span class='ocrx_word' id='word_1_8' title='bbox 767 558 974 618; x_wconf 82' lang='lat' dir='ltr'>consonantias</span> <span class='ocrx_word' id='word_1_9' title='bbox 991 554 1094 620; x_wconf 85' lang='lat' dir='ltr'>afferre</span> <span class='ocrx_word' id='word_1_10' title='bbox 1109 569 1271 642; x_wconf 79' lang='lat' dir='ltr'>tangentes,</span> 
     </span>
     <span class='ocr_line' id='line_1_4' title="bbox 211 671 1273 756; baseline -0.003 -20"><span class='ocrx_word' id='word_1_11' title='bbox 211 686 311 738; x_wconf 89' lang='lat' dir='ltr'>tamen</span> <span class='ocrx_word' id='word_1_12' title='bbox 335 693 369 734; x_wconf 89' lang='lat' dir='ltr'>eo</span> <span class='ocrx_word' id='word_1_13' title='bbox 392 671 513 754; x_wconf 90' lang='lat' dir='ltr'>majoris</span> <span class='ocrx_word' id='word_1_14' title='bbox 537 681 600 731; x_wconf 90' lang='lat' dir='ltr'>erat</span> <span class='ocrx_word' id='word_1_15' title='bbox 622 671 710 744; x_wconf 90' lang='lat' dir='ltr'>artis,</span> <span class='ocrx_word' id='word_1_16' title='bbox 735 682 847 734; x_wconf 87' lang='lat' dir='ltr'>certum</span> <span class='ocrx_word' id='word_1_17' title='bbox 870 673 1273 756; x_wconf 84' lang='lat' dir='ltr'>consonantiarum-tangen-</span> 
     </span>
     <span class='ocr_line' id='line_1_5' title="bbox 211 783 1271 871; baseline -0.004 -21"><span class='ocrx_word' id='word_1_18' title='bbox 211 790 286 850; x_wconf 88' lang='lat' dir='ltr'>tium</span> <span class='ocrx_word' id='word_1_19' title='bbox 314 788 524 871; x_wconf 88' lang='lat' dir='ltr'>permissarum</span> <span class='ocrx_word' id='word_1_20' title='bbox 557 803 714 846; x_wconf 88' lang='lat' dir='ltr'>numerum</span> <span class='ocrx_word' id='word_1_21' title='bbox 747 786 833 846; x_wconf 86' lang='lat' dir='ltr'>certis</span> <span class='ocrx_word' id='word_1_22' title='bbox 860 783 933 845; x_wconf 89' lang='lat' dir='ltr'>loeis</span> <span class='ocrx_word' id='word_1_23' title='bbox 962 787 992 845; x_wconf 91' lang='lat' dir='ltr'>in</span> <span class='ocrx_word' id='word_1_24' title='bbox 1020 795 1128 868; x_wconf 82' lang='lat' dir='ltr'>po‘e&#39;ma</span> <span class='ocrx_word' id='word_1_25' title='bbox 1156 784 1271 846; x_wconf 80' lang='lat' dir='ltr'>inferre.</span> 
     </span>
    </p>

    <p class='ocr_par' dir='ltr' id='par_1_4' title="bbox 157 884 1355 2228">
     <span class='ocr_line' id='line_1_6' title="bbox 213 884 1274 981; baseline -0.004 -19"><span class='ocrx_word' id='word_1_26' title='bbox 213 900 309 981; x_wconf 79' lang='lat' dir='ltr'>Quam</span> <span class='ocrx_word' id='word_1_27' title='bbox 339 911 431 961; x_wconf 80' lang='lat' dir='ltr'>arteni</span> <span class='ocrx_word' id='word_1_28' title='bbox 458 899 587 981; x_wconf 88' lang='lat' dir='ltr'>primum</span> <span class='ocrx_word' id='word_1_29' title='bbox 620 898 782 980; x_wconf 87' lang='lat' dir='ltr'>reperimus</span> <span class='ocrx_word' id='word_1_30' title='bbox 812 884 893 980; x_wconf 83' lang='lat' dir='ltr'>apud</span> <span class='ocrx_word' id='word_1_31' title='bbox 914 896 1105 960; x_wconf 86' lang='lat' dir='ltr'>Waltherum</span> <span class='ocrx_word' id='word_1_32' title='bbox 1133 918 1193 958; x_wconf 93' lang='lat' dir='ltr'>von</span> <span class='ocrx_word' id='word_1_33' title='bbox 1223 895 1274 958; x_wconf 87' lang='lat' dir='ltr'>der</span> 
     </span>
     <span class='ocr_line' id='line_1_7' title="bbox 157 986 1274 1098; baseline -0.004 -22"><span class='ocrx_word' id='word_1_34' title='bbox 157 986 160 998; x_wconf 23' lang='lat' dir='ltr'><em>V</em></span> <span class='ocrx_word' id='word_1_35' title='bbox 211 1010 405 1098; x_wconf 88' lang='lat' dir='ltr'>Vogelweide</span> <span class='ocrx_word' id='word_1_36' title='bbox 419 1004 449 1090; x_wconf 85' lang='lat'>¹).</span> <span class='ocrx_word' id='word_1_37' title='bbox 482 1009 515 1071; x_wconf 89' lang='lat' dir='ltr'>In</span> <span class='ocrx_word' id='word_1_38' title='bbox 537 1009 662 1094; x_wconf 90' lang='lat' dir='ltr'>stropha</span> <span class='ocrx_word' id='word_1_39' title='bbox 678 1009 805 1094; x_wconf 90' lang='lat' dir='ltr'>quadam</span> <span class='ocrx_word' id='word_1_40' title='bbox 823 1005 1070 1073; x_wconf 86' lang='lat' dir='ltr'>artificiosissimis</span> <span class='ocrx_word' id='word_1_41' title='bbox 1083 1022 1188 1073; x_wconf 87' lang='lat' dir='ltr'>ornata</span> <span class='ocrx_word' id='word_1_42' title='bbox 1205 1031 1274 1072; x_wconf 89' lang='lat' dir='ltr'>con-</span> 
     </span>
     <span class='ocr_line' id='line_1_8' title="bbox 213 1121 1273 1209; baseline -0.002 -21"><span class='ocrx_word' id='word_1_43' title='bbox 213 1127 370 1199; x_wconf 89' lang='lat' dir='ltr'>sonantiis,</span> <span class='ocrx_word' id='word_1_44' title='bbox 396 1124 482 1185; x_wconf 91' lang='lat' dir='ltr'>certis</span> <span class='ocrx_word' id='word_1_45' title='bbox 505 1123 577 1184; x_wconf 88' lang='lat' dir='ltr'>loeis</span> <span class='ocrx_word' id='word_1_46' title='bbox 600 1127 757 1206; x_wconf 90' lang='lat' dir='ltr'>permissas</span> <span class='ocrx_word' id='word_1_47' title='bbox 774 1121 981 1186; x_wconf 68' lang='lat' dir='ltr'>consonantias</span> <span class='ocrx_word' id='word_1_48' title='bbox 1003 1136 1157 1209; x_wconf 87' lang='lat' dir='ltr'>tangentes</span> <span class='ocrx_word' id='word_1_49' title='bbox 1172 1122 1273 1186; x_wconf 87' lang='lat' dir='ltr'>videre</span> 
     </span>
     <span class='ocr_line' id='line_1_9' title="bbox 211 1220 1272 1332; baseline -0.002 -32"><span class='ocrx_word' id='word_1_50' title='bbox 211 1251 307 1323; x_wconf 78' lang='lat' dir='ltr'>potes.</span> <span class='ocrx_word' id='word_1_51' title='bbox 345 1235 584 1300; x_wconf 86' lang='lat' dir='ltr'>Gottsriedus</span> <span class='ocrx_word' id='word_1_52' title='bbox 614 1235 655 1299; x_wconf 85' lang='lat' dir='ltr'>de</span> <span class='ocrx_word' id='word_1_53' title='bbox 679 1235 905 1322; x_wconf 86' lang='lat' dir='ltr'>Strassburg</span> <span class='ocrx_word' id='word_1_54' title='bbox 935 1220 991 1332; x_wconf 50' lang='lat' dir='ltr'>ipio</span> <span class='ocrx_word' id='word_1_55' title='bbox 1019 1258 1161 1299; x_wconf 88' lang='lat' dir='ltr'>versuum</span> <span class='ocrx_word' id='word_1_56' title='bbox 1185 1257 1272 1299; x_wconf 89' lang='lat' dir='ltr'>orna-</span> 
     </span>
     <span class='ocr_line' id='line_1_10' title="bbox 212 1350 1272 1440; baseline 0 -27"><span class='ocrx_word' id='word_1_57' title='bbox 212 1363 311 1413; x_wconf 89' lang='lat' dir='ltr'>mento</span> <span class='ocrx_word' id='word_1_58' title='bbox 335 1352 422 1412; x_wconf 89' lang='lat' dir='ltr'>etiam</span> <span class='ocrx_word' id='word_1_59' title='bbox 444 1351 475 1410; x_wconf 91' lang='lat' dir='ltr'>in</span> <span class='ocrx_word' id='word_1_60' title='bbox 507 1351 588 1432; x_wconf 83' lang='lat' dir='ltr'>opica</span> <span class='ocrx_word' id='word_1_61' title='bbox 617 1351 702 1432; x_wconf 85' lang='lat' dir='ltr'>po&#39;e‘si</span> <span class='ocrx_word' id='word_1_62' title='bbox 730 1351 760 1410; x_wconf 91' lang='lat' dir='ltr'>in</span> <span class='ocrx_word' id='word_1_63' title='bbox 789 1352 916 1412; x_wconf 89' lang='lat' dir='ltr'>carmine</span> <span class='ocrx_word' id='word_1_64' title='bbox 940 1350 1099 1424; x_wconf 85' lang='lat' dir='ltr'>„Tristan”</span> <span class='ocrx_word' id='word_1_65' title='bbox 1122 1372 1195 1440; x_wconf 89' lang='lat' dir='ltr'>usus</span> <span class='ocrx_word' id='word_1_66' title='bbox 1219 1363 1272 1413; x_wconf 90' lang='lat' dir='ltr'>est.</span> 
     </span>
     <span class='ocr_line' id='line_1_11' title="bbox 214 1462 1355 1548; baseline -0.001 -21"><span class='ocrx_word' id='word_1_67' title='bbox 214 1463 308 1546; x_wconf 87' lang='lat' dir='ltr'>Cujus</span> <span class='ocrx_word' id='word_1_68' title='bbox 333 1465 468 1525; x_wconf 85' lang='lat' dir='ltr'>carminis</span> <span class='ocrx_word' id='word_1_69' title='bbox 490 1465 574 1524; x_wconf 93' lang='lat' dir='ltr'>initio</span> <span class='ocrx_word' id='word_1_70' title='bbox 598 1462 737 1547; x_wconf 84' lang='lat' dir='ltr'>strophae</span> <span class='ocrx_word' id='word_1_71' title='bbox 761 1465 910 1547; x_wconf 81' lang='lat' dir='ltr'>quaternis</span> <span class='ocrx_word' id='word_1_72' title='bbox 932 1463 1069 1526; x_wconf 88' lang='lat' dir='ltr'>versibus</span> <span class='ocrx_word' id='word_1_73' title='bbox 1093 1466 1274 1548; x_wconf 88' lang='lat' dir='ltr'>compositae</span> <span class='ocrx_word' id='word_1_74' title='bbox 1353 1470 1355 1472; x_wconf 77' lang='grc'><strong>’</strong></span> 
     </span>
     <span class='ocr_line' id='line_1_12' title="bbox 212 1575 1273 1661; baseline 0.001 -23"><span class='ocrx_word' id='word_1_75' title='bbox 212 1579 418 1652; x_wconf 90' lang='lat' dir='ltr'>inveniuntur,</span> <span class='ocrx_word' id='word_1_76' title='bbox 445 1597 520 1661; x_wconf 91' lang='lat' dir='ltr'>quae</span> <span class='ocrx_word' id='word_1_77' title='bbox 543 1575 620 1638; x_wconf 90' lang='lat' dir='ltr'>binis</span> <span class='ocrx_word' id='word_1_78' title='bbox 649 1579 849 1640; x_wconf 87' lang='lat' dir='ltr'>consonantiis</span> <span class='ocrx_word' id='word_1_79' title='bbox 879 1575 1070 1661; x_wconf 78' lang='lat' dir='ltr'>tangentibus</span> <span class='ocrx_word' id='word_1_80' title='bbox 1097 1576 1273 1639; x_wconf 79' lang='lat' dir='ltr'>formantur.</span> 
     </span>
     <span class='ocr_line' id='line_1_13' title="bbox 215 1689 1273 1776; baseline 0 -24"><span class='ocrx_word' id='word_1_81' title='bbox 215 1689 330 1772; x_wconf 79' lang='lat' dir='ltr'>Quibus</span> <span class='ocrx_word' id='word_1_82' title='bbox 353 1689 500 1774; x_wconf 89' lang='lat' dir='ltr'>strophis,</span> <span class='ocrx_word' id='word_1_83' title='bbox 524 1689 635 1773; x_wconf 88' lang='lat' dir='ltr'>passim</span> <span class='ocrx_word' id='word_1_84' title='bbox 657 1691 688 1752; x_wconf 88' lang='lat' dir='ltr'>in</span> <span class='ocrx_word' id='word_1_85' title='bbox 709 1699 846 1775; x_wconf 73' lang='lat' dir='ltr'>potmate</span> <span class='ocrx_word' id='word_1_86' title='bbox 869 1692 1001 1774; x_wconf 86' lang='lat' dir='ltr'>repetitis</span> <span class='ocrx_word' id='word_1_87' title='bbox 1019 1691 1192 1776; x_wconf 89' lang='lat' dir='ltr'>plerumque</span> <span class='ocrx_word' id='word_1_88' title='bbox 1207 1713 1273 1754; x_wconf 89' lang='lat' dir='ltr'>sen-</span> 
     </span>
     <span class='ocr_line' id='line_1_14' title="bbox 215 1799 1275 1890; baseline 0.002 -24"><span class='ocrx_word' id='word_1_89' title='bbox 215 1805 323 1866; x_wconf 89' lang='lat' dir='ltr'>tentiae</span> <span class='ocrx_word' id='word_1_90' title='bbox 358 1802 494 1887; x_wconf 88' lang='lat' dir='ltr'>dictaque</span> <span class='ocrx_word' id='word_1_91' title='bbox 530 1804 726 1864; x_wconf 68' lang='lat' dir='ltr'>continentur,</span> <span class='ocrx_word' id='word_1_92' title='bbox 773 1799 911 1864; x_wconf 84' lang='lat' dir='ltr'>Ceterum</span> <span class='ocrx_word' id='word_1_93' title='bbox 941 1802 1098 1868; x_wconf 87' lang='lat' dir='ltr'>Gottsriedi</span> <span class='ocrx_word' id='word_1_94' title='bbox 1131 1805 1275 1890; x_wconf 86' lang='lat' dir='ltr'>plurimae</span> 
     </span>
     <span class='ocr_line' id='line_1_15' title="bbox 215 1918 1274 2000; baseline 0 -20"><span class='ocrx_word' id='word_1_95' title='bbox 215 1919 424 1980; x_wconf 88' lang='lat' dir='ltr'>consonantiae</span> <span class='ocrx_word' id='word_1_96' title='bbox 440 1927 593 2000; x_wconf 84' lang='lat' dir='ltr'>tangentes</span> <span class='ocrx_word' id='word_1_97' title='bbox 607 1918 732 1991; x_wconf 88' lang='lat' dir='ltr'>vetitae,</span> <span class='ocrx_word' id='word_1_98' title='bbox 756 1938 869 1999; x_wconf 87' lang='lat' dir='ltr'>paucae</span> <span class='ocrx_word' id='word_1_99' title='bbox 884 1919 1044 2000; x_wconf 88' lang='lat' dir='ltr'>permissae</span> <span class='ocrx_word' id='word_1_100' title='bbox 1060 1931 1138 1980; x_wconf 92' lang='lat' dir='ltr'>sunt.</span> <span class='ocrx_word' id='word_1_101' title='bbox 1165 1918 1274 1982; x_wconf 86' lang='lat' dir='ltr'>Gott-</span> 
     </span>
     <span class='ocr_line' id='line_1_16' title="bbox 214 2028 1272 2115; baseline 0 -21"><span class='ocrx_word' id='word_1_102' title='bbox 214 2029 359 2094; x_wconf 86' lang='lat' dir='ltr'>sriedus</span> <span class='ocrx_word' id='word_1_103' title='bbox 383 2028 424 2092; x_wconf 84' lang='lat' dir='ltr'>de</span> <span class='ocrx_word' id='word_1_104' title='bbox 447 2028 475 2091; x_wconf 93' lang='lat' dir='ltr'>N</span> <span class='ocrx_word' id='word_1_105' title='bbox 481 2028 597 2104; x_wconf 86' lang='lat' dir='ltr'>cisen,</span> <span class='ocrx_word' id='word_1_106' title='bbox 618 2032 878 2092; x_wconf 88' lang='lat' dir='ltr'>consonantiarum</span> <span class='ocrx_word' id='word_1_107' title='bbox 894 2031 1272 2115; x_wconf 83' lang='lat' dir='ltr'>artificiosarumperitissi-</span> 
     </span>
     <span class='ocr_line' id='line_1_17' title="bbox 214 2141 1273 2228; baseline 0 -22"><span class='ocrx_word' id='word_1_108' title='bbox 214 2166 295 2219; x_wconf 90' lang='lat' dir='ltr'>mus,</span> <span class='ocrx_word' id='word_1_109' title='bbox 319 2143 375 2206; x_wconf 90' lang='lat' dir='ltr'>hac</span> <span class='ocrx_word' id='word_1_110' title='bbox 398 2165 517 2228; x_wconf 88' lang='lat' dir='ltr'>quoque</span> <span class='ocrx_word' id='word_1_111' title='bbox 541 2155 603 2204; x_wconf 88' lang='lat' dir='ltr'>arte</span> <span class='ocrx_word' id='word_1_112' title='bbox 625 2145 729 2206; x_wconf 91' lang='lat' dir='ltr'>utitur.</span> <span class='ocrx_word' id='word_1_113' title='bbox 769 2141 865 2206; x_wconf 90' lang='lat' dir='ltr'>Semel</span> <span class='ocrx_word' id='word_1_114' title='bbox 889 2156 1018 2228; x_wconf 89' lang='lat' dir='ltr'>quatuor</span> <span class='ocrx_word' id='word_1_115' title='bbox 1029 2143 1121 2206; x_wconf 91' lang='lat' dir='ltr'>habet</span> <span class='ocrx_word' id='word_1_116' title='bbox 1134 2144 1273 2228; x_wconf 88' lang='lat' dir='ltr'>strophas</span> 
     </span>
    </p>
   </div>
   <div class='ocr_carea' id='block_1_4' title="bbox 215 2249 1373 2342">
    <p class='ocr_par' dir='ltr' id='par_1_5' title="bbox 215 2249 1373 2342">
     <span class='ocr_line' id='line_1_18' title="bbox 215 2249 1373 2342; baseline 0.002 -23"><span class='ocrx_word' id='word_1_117' title='bbox 215 2260 293 2320; x_wconf 92' lang='lat' dir='ltr'>senis</span> <span class='ocrx_word' id='word_1_118' title='bbox 318 2258 518 2318; x_wconf 89' lang='lat' dir='ltr'>consonantiis</span> <span class='ocrx_word' id='word_1_119' title='bbox 550 2255 740 2342; x_wconf 84' lang='lat' dir='ltr'>tangentibus</span> <span class='ocrx_word' id='word_1_120' title='bbox 772 2259 966 2341; x_wconf 87' lang='lat' dir='ltr'>compositas,</span> <span class='ocrx_word' id='word_1_121' title='bbox 998 2270 1151 2342; x_wconf 89' lang='lat' dir='ltr'>praeterea</span> <span class='ocrx_word' id='word_1_122' title='bbox 1178 2269 1275 2322; x_wconf 90' lang='lat' dir='ltr'>totum</span> <span class='ocrx_word' id='word_1_123' title='bbox 1369 2249 1373 2258; x_wconf 59' lang='grc'><em>’</em></span> 
     </span>
    </p>
   </div>
   <div class='ocr_carea' id='block_1_5' title="bbox 217 2351 1275 2466">
    <p class='ocr_par' dir='ltr' id='par_1_6' title="bbox 217 2351 1275 2466">
     <span class='ocr_line' id='line_1_19' title="bbox 217 2351 1275 2466; baseline 0.004 -34"><span class='ocrx_word' id='word_1_124' title='bbox 217 2392 334 2432; x_wconf 88' lang='lat' dir='ltr'>carmen</span> <span class='ocrx_word' id='word_1_125' title='bbox 362 2372 461 2454; x_wconf 87' lang='lat' dir='ltr'>granis</span> <span class='ocrx_word' id='word_1_126' title='bbox 491 2365 652 2450; x_wconf 80' lang='lat' dir='ltr'>(Ko&#39;rner)</span> <span class='ocrx_word' id='word_1_127' title='bbox 684 2382 820 2431; x_wconf 90' lang='lat' dir='ltr'>ornatum</span> <span class='ocrx_word' id='word_1_128' title='bbox 850 2383 895 2466; x_wconf 81' lang='lat' dir='ltr'>est</span> <span class='ocrx_word' id='word_1_129' title='bbox 914 2351 972 2448; x_wconf 60' lang='lat' dir='ltr'>ios.</span> <span class='ocrx_word' id='word_1_130' title='bbox 1006 2384 1084 2454; x_wconf 89' lang='lat' dir='ltr'>part.</span> <span class='ocrx_word' id='word_1_131' title='bbox 1101 2365 1153 2450; x_wconf 85' lang='lat' dir='ltr'>lv)</span> <span class='ocrx_word' id='word_1_132' title='bbox 1167 2367 1198 2451; x_wconf 78' lang='lat'>⁹).</span> <span class='ocrx_word' id='word_1_133' title='bbox 1243 2372 1275 2436; x_wconf 91' lang='lat' dir='ltr'>In</span> 
     </span>
    </p>
   </div>
   <div class='ocr_carea' id='block_1_6' title="bbox 133 2475 1365 3476">
    <p class='ocr_par' dir='ltr' id='par_1_7' title="bbox 133 2475 1365 3476">
     <span class='ocr_line' id='line_1_20' title="bbox 215 2475 1365 2568; baseline 0.001 -22"><span class='ocrx_word' id='word_1_134' title='bbox 215 2484 306 2546; x_wconf 87' lang='lat' dir='ltr'>altero</span> <span class='ocrx_word' id='word_1_135' title='bbox 339 2485 465 2545; x_wconf 88' lang='lat' dir='ltr'>carmine</span> <span class='ocrx_word' id='word_1_136' title='bbox 477 2475 500 2560; x_wconf 64' lang='grc'>8)</span> <span class='ocrx_word' id='word_1_137' title='bbox 531 2485 661 2568; x_wconf 89' lang='lat' dir='ltr'>quinque</span> <span class='ocrx_word' id='word_1_138' title='bbox 689 2481 822 2544; x_wconf 88' lang='lat' dir='ltr'>videmus</span> <span class='ocrx_word' id='word_1_139' title='bbox 853 2483 1009 2567; x_wconf 91' lang='lat' dir='ltr'>strophas,</span> <span class='ocrx_word' id='word_1_140' title='bbox 1036 2483 1117 2546; x_wconf 90' lang='lat' dir='ltr'>denis</span> <span class='ocrx_word' id='word_1_141' title='bbox 1140 2485 1295 2560; x_wconf 86' lang='lat' dir='ltr'>versibus¹</span> <span class='ocrx_word' id='word_1_142' title='bbox 1361 2549 1365 2554; x_wconf 73' lang='grc'><strong>,</strong></span> 
     </span>
     <span class='ocr_line' id='line_1_21' title="bbox 216 2595 1276 2683; baseline 0.002 -24"><span class='ocrx_word' id='word_1_143' title='bbox 216 2597 373 2672; x_wconf 89' lang='lat' dir='ltr'>formatas,</span> <span class='ocrx_word' id='word_1_144' title='bbox 398 2599 429 2657; x_wconf 92' lang='lat' dir='ltr'>in</span> <span class='ocrx_word' id='word_1_145' title='bbox 453 2595 561 2680; x_wconf 92' lang='lat' dir='ltr'>quibus</span> <span class='ocrx_word' id='word_1_146' title='bbox 586 2618 686 2657; x_wconf 92' lang='lat' dir='ltr'>omnes</span> <span class='ocrx_word' id='word_1_147' title='bbox 710 2599 918 2659; x_wconf 90' lang='lat' dir='ltr'>consonantiae</span> <span class='ocrx_word' id='word_1_148' title='bbox 942 2609 1011 2658; x_wconf 86' lang='lat' dir='ltr'>sunt</span> <span class='ocrx_word' id='word_1_149' title='bbox 1033 2610 1186 2682; x_wconf 89' lang='lat' dir='ltr'>tangentes</span> <span class='ocrx_word' id='word_1_150' title='bbox 1208 2620 1276 2683; x_wconf 88' lang='lat' dir='ltr'>per·</span> 
     </span>
     <span class='ocr_line' id='line_1_22' title="bbox 215 2699 1274 2798; baseline 0.002 -25"><span class='ocrx_word' id='word_1_151' title='bbox 215 2699 335 2786; x_wconf 82' lang='lat' dir='ltr'>missae3</span> <span class='ocrx_word' id='word_1_152' title='bbox 359 2723 509 2795; x_wconf 89' lang='lat' dir='ltr'>postremo</span> <span class='ocrx_word' id='word_1_153' title='bbox 533 2712 564 2772; x_wconf 88' lang='lat' dir='ltr'>in</span> <span class='ocrx_word' id='word_1_154' title='bbox 586 2711 673 2772; x_wconf 90' lang='lat' dir='ltr'>tertio</span> <span class='ocrx_word' id='word_1_155' title='bbox 705 2712 832 2772; x_wconf 89' lang='lat' dir='ltr'>carmine</span> <span class='ocrx_word' id='word_1_156' title='bbox 862 2713 1070 2772; x_wconf 89' lang='lat' dir='ltr'>consonantias</span> <span class='ocrx_word' id='word_1_157' title='bbox 1104 2723 1274 2798; x_wconf 78' lang='lat' dir='ltr'>tangenteS,</span> 
     </span>
     <span class='ocr_line' id='line_1_23' title="bbox 217 2816 1276 2915; baseline 0.002 -29"><span class='ocrx_word' id='word_1_158' title='bbox 217 2845 292 2909; x_wconf 81' lang='lat' dir='ltr'>quae</span> <span class='ocrx_word' id='word_1_159' title='bbox 315 2824 465 2908; x_wconf 89' lang='lat' dir='ltr'>pulsantes</span> <span class='ocrx_word' id='word_1_160' title='bbox 490 2816 743 2904; x_wconf 70' lang='lat' dir='ltr'>(Sabloprea&#39;me)</span> <span class='ocrx_word' id='word_1_161' title='bbox 769 2844 887 2909; x_wconf 88' lang='lat' dir='ltr'>quoque</span> <span class='ocrx_word' id='word_1_162' title='bbox 910 2835 981 2884; x_wconf 90' lang='lat' dir='ltr'>sunt</span> <span class='ocrx_word' id='word_1_163' title='bbox 992 2819 1024 2904; x_wconf 84' lang='lat'>⁴).</span> <span class='ocrx_word' id='word_1_164' title='bbox 1061 2823 1216 2915; x_wconf 69' lang='lat' dir='ltr'>Corradus</span> <span class='ocrx_word' id='word_1_165' title='bbox 1240 2825 1276 2888; x_wconf 85' lang='lat' dir='ltr'>de</span> 
     </span>
     <span class='ocr_line' id='line_1_24' title="bbox 216 2935 1274 3026; baseline 0.001 -26"><span class='ocrx_word' id='word_1_166' title='bbox 216 2937 395 3026; x_wconf 86' lang='lat' dir='ltr'>Wiirzburg</span> <span class='ocrx_word' id='word_1_167' title='bbox 409 2949 444 2999; x_wconf 92' lang='lat' dir='ltr'>ut</span> <span class='ocrx_word' id='word_1_168' title='bbox 456 2935 639 2999; x_wconf 84' lang='lat' dir='ltr'>Gottfriedus</span> <span class='ocrx_word' id='word_1_169' title='bbox 655 2941 916 3013; x_wconf 87' lang='lat' dir='ltr'>consonantiarum</span> <span class='ocrx_word' id='word_1_170' title='bbox 925 2959 1025 3000; x_wconf 88' lang='lat' dir='ltr'>amans</span> <span class='ocrx_word' id='word_1_171' title='bbox 1042 2938 1274 3014; x_wconf 82' lang='lat' dir='ltr'>artificiosartun,</span> 
     </span>
     <span class='ocr_line' id='line_1_25' title="bbox 133 3025 1276 3136; baseline 0.002 -22"><span class='ocrx_word' id='word_1_172' title='bbox 133 3113 136 3122; x_wconf 90' lang='grc'>,</span> <span class='ocrx_word' id='word_1_173' title='bbox 217 3025 335 3114; x_wconf 89' lang='lat' dir='ltr'>carmen</span> <span class='ocrx_word' id='word_1_174' title='bbox 358 3052 539 3135; x_wconf 89' lang='lat' dir='ltr'>composuit,</span> <span class='ocrx_word' id='word_1_175' title='bbox 566 3048 647 3134; x_wconf 89' lang='lat' dir='ltr'>quod</span> <span class='ocrx_word' id='word_1_176' title='bbox 666 3062 784 3134; x_wconf 88' lang='lat' dir='ltr'>praeter</span> <span class='ocrx_word' id='word_1_177' title='bbox 800 3055 1008 3113; x_wconf 87' lang='lat' dir='ltr'>consonantias</span> <span class='ocrx_word' id='word_1_178' title='bbox 1023 3050 1183 3114; x_wconf 90' lang='lat' dir='ltr'>verborum</span> <span class='ocrx_word' id='word_1_179' title='bbox 1199 3053 1276 3136; x_wconf 83' lang='lat' dir='ltr'>ejus·</span> 
     </span>
     <span class='ocr_line' id='line_1_26' title="bbox 217 3158 1279 3246; baseline 0.002 -19"><span class='ocrx_word' id='word_1_180' title='bbox 217 3164 284 3227; x_wconf 88' lang='lat' dir='ltr'>dem</span> <span class='ocrx_word' id='word_1_181' title='bbox 316 3163 423 3226; x_wconf 88' lang='lat' dir='ltr'>radicis</span> <span class='ocrx_word' id='word_1_182' title='bbox 452 3163 553 3224; x_wconf 87' lang='lat' dir='ltr'>finales</span> <span class='ocrx_word' id='word_1_183' title='bbox 586 3158 811 3241; x_wconf 79' lang='lat' dir='ltr'>(Reimroo‘rter</span> <span class='ocrx_word' id='word_1_184' title='bbox 844 3163 1006 3226; x_wconf 79' lang='lat' dir='ltr'>desselben</span> <span class='ocrx_word' id='word_1_185' title='bbox 1034 3161 1213 3246; x_wconf 79' lang='lat' dir='ltr'>Scammos)</span> <span class='ocrx_word' id='word_1_186' title='bbox 1249 3179 1279 3229; x_wconf 91' lang='lat' dir='ltr'>et</span> 
     </span>
     <span class='ocr_line' id='line_1_27' title="bbox 217 3271 1277 3366; baseline 0.001 -26"><span class='ocrx_word' id='word_1_187' title='bbox 217 3300 314 3340; x_wconf 89' lang='lat' dir='ltr'>moras</span> <span class='ocrx_word' id='word_1_188' title='bbox 331 3271 493 3358; x_wconf 80' lang='lat' dir='ltr'>(Peucen)</span> <span class='ocrx_word' id='word_1_189' title='bbox 510 3288 540 3338; x_wconf 90' lang='lat' dir='ltr'>et</span> <span class='ocrx_word' id='word_1_190' title='bbox 555 3279 762 3366; x_wconf 86' lang='lat' dir='ltr'>consonantias</span> <span class='ocrx_word' id='word_1_191' title='bbox 774 3276 1000 3356; x_wconf 34' lang='lat' dir='ltr'>mediis-stichiis</span> <span class='ocrx_word' id='word_1_192' title='bbox 1016 3274 1139 3359; x_wconf 82' lang='lat' dir='ltr'>(iuuere</span> <span class='ocrx_word' id='word_1_193' title='bbox 1150 3276 1277 3361; x_wconf 80' lang='lat' dir='ltr'>Reime)</span> 
     </span>
     <span class='ocr_line' id='line_1_28' title="bbox 216 3387 940 3476; baseline 0 -22"><span class='ocrx_word' id='word_1_194' title='bbox 216 3404 369 3476; x_wconf 86' lang='lat' dir='ltr'>tangentes</span> <span class='ocrx_word' id='word_1_195' title='bbox 394 3410 512 3476; x_wconf 86' lang='lat' dir='ltr'>quoque</span> <span class='ocrx_word' id='word_1_196' title='bbox 536 3393 667 3452; x_wconf 90' lang='lat' dir='ltr'>continet</span> <span class='ocrx_word' id='word_1_197' title='bbox 689 3395 896 3454; x_wconf 87' lang='lat' dir='ltr'>consonantias</span> <span class='ocrx_word' id='word_1_198' title='bbox 909 3387 940 3472; x_wconf 79' lang='lat'>⁵).</span> 
     </span>
    </p>
   </div>
   <div class='ocr_carea' id='block_1_7' title="bbox 217 3597 428 3608">
    <p class='ocr_par' dir='ltr' id='par_1_8' title="bbox 217 3597 428 3608">
     <span class='ocr_line' id='line_1_29' title="bbox 217 3597 428 3608; baseline 0.009 -2"><span class='ocrx_word' id='word_1_199' title='bbox 217 3597 428 3608; x_wconf 76' lang='lat'>———-.</span> 
     </span>
    </p>
   </div>
   <div class='ocr_carea' id='block_1_8' title="bbox 163 3717 1117 4173">
    <p class='ocr_par' dir='ltr' id='par_1_9' title="bbox 163 3717 1117 4173">
     <span class='ocr_line' id='line_1_30' title="bbox 277 3717 808 3788; baseline 0.004 -18"><span class='ocrx_word' id='word_1_200' title='bbox 277 3718 295 3784; x_wconf 87' lang='lat'>¹)</span> <span class='ocrx_word' id='word_1_201' title='bbox 324 3717 362 3770; x_wconf 86' lang='lat' dir='ltr'>ed.</span> <span class='ocrx_word' id='word_1_202' title='bbox 381 3717 575 3781; x_wconf 89' lang='lat' dir='ltr'>Lachmann,</span> <span class='ocrx_word' id='word_1_203' title='bbox 594 3735 650 3788; x_wconf 88' lang='lat' dir='ltr'>pag.</span> <span class='ocrx_word' id='word_1_204' title='bbox 665 3717 729 3783; x_wconf 83' lang='lat'>122,</span> <span class='ocrx_word' id='word_1_205' title='bbox 750 3718 808 3772; x_wconf 74' lang='lat'>124.</span> 
     </span>
     <span class='ocr_line' id='line_1_31' title="bbox 163 3801 997 3884; baseline 0.004 -20"><span class='ocrx_word' id='word_1_206' title='bbox 163 3867 166 3874; x_wconf 76' lang='grc'><strong>,</strong></span> <span class='ocrx_word' id='word_1_207' title='bbox 276 3815 296 3879; x_wconf 73' lang='lat'>²)</span> <span class='ocrx_word' id='word_1_208' title='bbox 323 3813 390 3865; x_wconf 76' lang='lat' dir='ltr'>nan.</span> <span class='ocrx_word' id='word_1_209' title='bbox 411 3813 513 3866; x_wconf 76' lang='lat' dir='ltr'>sammt.</span> <span class='ocrx_word' id='word_1_210' title='bbox 533 3813 553 3875; x_wconf 91' lang='lat'>1,</span> <span class='ocrx_word' id='word_1_211' title='bbox 572 3831 628 3884; x_wconf 79' lang='lat' dir='ltr'>pag.</span> <span class='ocrx_word' id='word_1_212' title='bbox 642 3812 700 3867; x_wconf 67' lang='lat' dir='ltr'>aa·</span> <span class='ocrx_word' id='word_1_213' title='bbox 721 3815 771 3868; x_wconf 73' lang='lat' dir='ltr'>sa.</span> <span class='ocrx_word' id='word_1_214' title='bbox 784 3813 809 3878; x_wconf 85' lang='lat' dir='ltr'>c,</span> <span class='ocrx_word' id='word_1_215' title='bbox 822 3813 846 3879; x_wconf 82' lang='lat'>7,</span> <span class='ocrx_word' id='word_1_216' title='bbox 860 3814 885 3880; x_wconf 79' lang='lat' dir='ltr'>a,</span> <span class='ocrx_word' id='word_1_217' title='bbox 898 3815 924 3868; x_wconf 84' lang='grc'>9.-</span> <span class='ocrx_word' id='word_1_218' title='bbox 990 3801 997 3808; x_wconf 85' lang='grc'><strong>“</strong></span> 
     </span>
     <span class='ocr_line' id='line_1_32' title="bbox 275 3909 842 3979; baseline 0.005 -19"><span class='ocrx_word' id='word_1_219' title='bbox 275 3909 295 3976; x_wconf 81' lang='lat'>³)</span> <span class='ocrx_word' id='word_1_220' title='bbox 324 3909 491 3962; x_wconf 81' lang='lat' dir='ltr'>Benecke’s</span> <span class='ocrx_word' id='word_1_221' title='bbox 509 3909 627 3979; x_wconf 73' lang='lat' dir='ltr'>Beitrige</span> <span class='ocrx_word' id='word_1_222' title='bbox 646 3909 667 3960; x_wconf 85' lang='lat' dir='ltr'>t.</span> <span class='ocrx_word' id='word_1_223' title='bbox 685 3909 728 3962; x_wconf 91' lang='lat' dir='ltr'>Nr.</span> <span class='ocrx_word' id='word_1_224' title='bbox 742 3911 842 3963; x_wconf 90' lang='lat' dir='ltr'>XVIII.</span> 
     </span>
     <span class='ocr_line' id='line_1_33' title="bbox 276 4004 864 4076; baseline 0.007 -21"><span class='ocrx_word' id='word_1_225' title='bbox 276 4006 297 4070; x_wconf 83' lang='lat'>⁴)</span> <span class='ocrx_word' id='word_1_226' title='bbox 324 4005 384 4056; x_wconf 87' lang='lat' dir='ltr'>Loc.</span> <span class='ocrx_word' id='word_1_227' title='bbox 405 4007 445 4056; x_wconf 85' lang='lat' dir='ltr'>cit.</span> <span class='ocrx_word' id='word_1_228' title='bbox 464 4005 507 4056; x_wconf 86' lang='lat' dir='ltr'>Nr.</span> <span class='ocrx_word' id='word_1_229' title='bbox 518 4004 630 4058; x_wconf 89' lang='lat' dir='ltr'>XXXII.</span> <span class='ocrx_word' id='word_1_230' title='bbox 645 4034 678 4042; x_wconf 90' lang='lat'><em>-</em></span> <span class='ocrx_word' id='word_1_231' title='bbox 692 4005 722 4058; x_wconf 79' lang='lat' dir='ltr'>cf.</span> <span class='ocrx_word' id='word_1_232' title='bbox 741 4017 804 4076; x_wconf 89' lang='lat' dir='ltr'>part.</span> <span class='ocrx_word' id='word_1_233' title='bbox 819 4008 864 4059; x_wconf 90' lang='lat' dir='ltr'>IV.</span> 
     </span>
     <span class='ocr_line' id='line_1_34' title="bbox 278 4099 1117 4173; baseline 0.001 -21"><span class='ocrx_word' id='word_1_234' title='bbox 278 4100 297 4167; x_wconf 76' lang='lat'>⁵)</span> <span class='ocrx_word' id='word_1_235' title='bbox 327 4100 585 4172; x_wconf 85' lang='lat' dir='ltr'>Wackernagel&#39;s</span> <span class='ocrx_word' id='word_1_236' title='bbox 603 4101 736 4154; x_wconf 86' lang='lat' dir='ltr'>Lesebuch</span> <span class='ocrx_word' id='word_1_237' title='bbox 754 4120 810 4173; x_wconf 86' lang='lat' dir='ltr'>pag.</span> <span class='ocrx_word' id='word_1_238' title='bbox 824 4099 884 4156; x_wconf 87' lang='grc'>699.</span> <span class='ocrx_word' id='word_1_239' title='bbox 899 4131 931 4142; x_wconf 92' lang='lat'><em>-</em></span> <span class='ocrx_word' id='word_1_240' title='bbox 946 4102 977 4156; x_wconf 85' lang='lat' dir='ltr'>of.</span> <span class='ocrx_word' id='word_1_241' title='bbox 996 4111 1058 4172; x_wconf 89' lang='lat' dir='ltr'>part.</span> <span class='ocrx_word' id='word_1_242' title='bbox 1072 4101 1117 4154; x_wconf 90' lang='lat' dir='ltr'>lV.</span> 
     </span>
    </p>
   </div>
   <div class='ocr_carea' id='block_1_9' title="bbox 0 0 1517 4872">
    <p class='ocr_par' dir='ltr' id='par_1_10' title="bbox 0 0 1517 4872">
     <span class='ocr_line' id='line_1_35' title="bbox 0 0 1517 4872; baseline 0 0"><span class='ocrx_word' id='word_1_243' title='bbox 0 0 1517 4872; x_wconf 95' lang='lat' dir='ltr'> </span> 
     </span>
    </p>
   </div>
  </div>
 </body>
</html>
