3012 4872
606 1443 761 1540 PARS
804 1445 869 1538 lll.

317 1677 370 1740 ou
402 1677 630 1742 vernonum
659 1677 978 1744 consonarum
1008 1629 1162 1742 emaus

496 1791 669 1856 numero
699 1789 979 1856 ercomenon.

212 2231 430 2363 Consonantia
456 2271 616 2334 verborum
644 2271 752 2346 finalis,
785 2266 861 2355 quac
888 2269 975 2333 nobis
1002 2275 1098 2355 prima
1125 2275 1268 2346 occurrit,

115 2442 117 2448 ,
212 2385 319 2448 obtusa
348 2396 393 2447 est
426 2379 597 2466 (etumpf),
634 2388 653 2446 i.
685 2407 708 2446 e.
742 2384 845 2446 ultima
873 2396 988 2446 tantum
1017 2385 1190 2446 stichiorum
1220 2397 1271 2446 arat

211 2497 463 2561 hemistichiorum
486 2497 601 2582 syllaba
623 2493 741 2582 (quarta
765 2493 850 2576 arsis)
875 2509 1033 2588 consonat,
1063 2501 1105 2559 ita
1127 2510 1161 2559 ut
1184 2498 1271 2582 sylla-

211 2611 265 2674 bas
293 2611 394 2673 finales
421 2609 585 2696 barytonas
615 2606 833 2690 (tieftooiqcu)
862 2611 956 2672 attolli
978 2632 1095 2673 neccsse
1119 2614 1166 2672 sit.
1215 2610 1271 2673 So-

212 2736 315 2787 nantes
339 2719 539 2804 (ldiapeado)
562 2723 723 2809 bisyllabas
746 2727 887 2786 exsistere
911 2728 1133 2800 consonantias,
1164 2746 1272 2811 easque

154 2887 156 2894 .
213 2841 241 2900 in
269 2835 404 2900 versibus
433 2837 644 2922 componendis
675 2836 712 2899 ab
742 2835 857 2900 obtusis
886 2841 1085 2900 consonantiis
1115 2837 1270 2924 distmgui‚

213 2972 328 3035 semper
349 2959 476 3035 poeseos
500 2962 545 3012 est
567 2951 740 3012 artificiosae
759 2951 822 3033 jam
844 2950 931 3034 plane
954 2953 1088 3014 excultae
1103 2946 1132 3031 ¹).
1169 2951 1220 3014 Sic
1242 2954 1274 3013 in

213 3063 357 3127 theotisca
380 3085 500 3149 quoque
521 3066 606 3148 pot'si
630 3085 730 3125 omnes
755 3064 964 3125 consonantiae
987 3063 1055 3125 inde
1078 3064 1115 3126 ab
1139 3063 1272 3127 Otsriedo

213 3188 308 3263 usque
330 3177 368 3239 ad
388 3175 517 3239 medium
533 3178 682 3240 saeculum
699 3175 905 3238 duodecimum
921 3172 1045 3238 obtusae
1061 3189 1145 3251 sunt,
1172 3199 1274 3262 quam-

214 3295 260 3353 vis
282 3293 406 3376 passim,
430 3293 588 3376 praecipue
612 3289 690 3375 apud
713 3287 878 3353 Otsriedum
898 3288 973 3351 duae
990 3289 1038 3352 vel
1059 3304 1119 3353 tres
1143 3291 1274 3376 syllabae

216 3404 320 3468 eo'dem
349 3416 400 3466 aut
423 3404 508 3465 simili
531 3403 620 3464 modo
644 3415 758 3465 sonent.
799 3403 860 3464 Has
883 3406 1090 3465 consonantias
1113 3404 1274 3489 bisyllabas

116 3592 119 3599 ,
215 3519 263 3581 vel
286 3516 454 3603 trisyllabas
478 3539 544 3578 cum
567 3515 680 3601 syllaba
702 3516 782 3577 finali
805 3527 927 3577 accentu
950 3515 1027 3577 elata
1049 3515 1085 3578 ad
1110 3509 1274 3579 consonan'-

216 3635 272 3695 tias
295 3630 382 3694 medii
401 3633 465 3693 aevi
483 3638 621 3693 sonantes
643 3652 703 3691 non
725 3651 788 3692 csse
803 3628 983 3704 referendas,
1008 3629 1084 3691 infra
1098 3629 1272 3693 videbimus.

219 3849 429 3857 o-—ffl

179 3929 182 3935 '
275 3927 294 3989 ¹)
323 3923 354 3976 cl.
373 3923 467 3975 Wolf
491 3921 539 3974 loc.
561 3925 601 3974 cit.
625 3939 681 3994 pag.
704 3921 762 3974 171.
786 3951 819 3958 -
851 3921 951 3974 Jacob
977 3921 1102 3985 Grimm,
1128 3921 1275 3974 lateinisches

219 4017 339 4071 Gedichte
359 4017 403 4070 des
423 4016 501 4071 lOten
519 4017 573 4069 und
593 4016 669 4070 iiten
686 4017 885 4080 Jahrhunderts,
903 4034 960 4088 pag.
979 4017 1105 4071 XXXIX.
1124 4047 1157 4055 -
1176 4017 1275 4068 Lach-

219 4131 308 4166 mann
331 4113 395 4165 iibcr
414 4112 524 4176 Otfried,
548 4112 597 4166 loc.
617 4116 657 4166 eit.
676 4131 731 4184 pag.
751 4111 811 4166 281.
837 4143 870 4150 -
903 4113 1040 4176 Lebcul',
1067 4112 1154 4166 Traite
1173 4113 1232 4164 hist.
1253 4120 1278 4164 et

218 4210 335 4278 pratique
354 4227 399 4262 sur
416 4209 440 4262 lc
461 4210 534 4262 chent
553 4208 755 4279 ecelc'siastiquc,
779 4210 851 4262 Paris
873 4207 947 4262 1741.
971 4207 996 4261 8.
1020 4227 1076 4280 pag.
1097 4207 1155 4262 121.

1031 4319 1072 4378 s*
