3012 4872
641 369 800 478 3-3,-

192 582 232 644 de
254 580 516 643 Lichtenstein
532 572 551 658 ¹)
583 580 659 640 circa
684 599 709 638 a.
739 574 822 636 1255
849 578 880 636 in
903 586 1040 659 poe'mate
1063 577 1251 651 „Francu-

192 694 337 757 dienst”
374 688 463 755 aza
493 702 559 756 ante
589 691 631 776 liq
653 702 683 752 ct
705 708 773 773 asp,
804 689 892 763 iti,
921 688 962 774 liq
986 713 993 751 :
1016 690 1058 775 liq
1086 696 1247 768 connectit,

191 808 348 892 litoraque,
374 828 452 892 quae
476 804 584 867 dicitur
607 803 680 866 salsa
704 825 724 862 a
747 806 850 865 utitur.
875 803 907 864 ln
930 804 1028 887 lyricis
1050 825 1169 890 quoque
1187 827 1250 868 car·
1346 801 1349 812 ¹
1439 805 1444 818 '

192 919 320 982 minibus
344 943 360 982 a
383 942 391 981 ε
416 923 433 982 ic
454 931 521 982 ante
544 919 589 1014 liq!
609 929 638 979 et
661 939 714 1001 asp
738 917 901 1001 conjungit.

258 1033 303 1095 De
326 1033 372 1096 his
396 1029 654 1095 observationibus
676 1033 707 1091 in
729 1033 901 1093 universum
919 1031 1102 1114 judicantes,
1135 1036 1250 1096 omissis

192 1147 316 1231 singulis
345 1144 577 1231 proprietatibus
606 1146 637 1205 in
664 1155 771 1205 natura
799 1147 1021 1228 provinciarum
1044 1156 1073 1207 et
1094 1155 1250 1229 poetarum

194 1259 380 1344 singulorum
402 1262 522 1344 positis,
550 1257 627 1319 hanc
649 1256 772 1319 facimus
794 1279 951 1319 summam:
985 1258 1017 1319 ln
1040 1258 1164 1320 historia
1184 1280 1251 1321 ver-

192 1371 300 1434 borum
322 1375 532 1434 consonantiae
554 1370 649 1432 finalis
671 1371 730 1432 tria
752 1382 888 1453 tempora
909 1393 973 1433 esse
997 1370 1196 1433 discernenda.

260 1484 423 1570 Tempus
450 1484 476 1548 l.
522 1484 592 1548 lude
623 1485 763 1568 aprimis
785 1482 947 1546 verborum
969 1483 1063 1546 finalis
1086 1506 1251 1547 consonan-

193 1602 251 1661 tiae
273 1601 420 1683 vestigiis,
446 1599 523 1660 circa
543 1620 569 1658 a.
588 1597 652 1660 850
676 1617 771 1681 usque
795 1596 833 1658 ad
854 1597 982 1676 modium
1005 1598 1153 1660 saeculum
1177 1598 1252 1660 duo-

193 1711 347 1774 decimum.
396 1709 598 1774 Consonantia
627 1722 671 1772 est
698 1709 917 1794 monosyllaba,
954 1708 1072 1773 obtusa
1094 1706 1252 1791 (stampis)

195 1837 349 1899 accurata,
386 1823 485 1910 quoad
520 1833 676 1908 po‘e'tarum
711 1822 864 1885 facultates
907 1836 936 1885 et
972 1826 1089 1909 ingenia
1123 1828 1252 1910 artisque

194 1941 311 2000 novitas
333 1940 516 2022 permittunt.
563 1936 673 1998 Poetae
697 1935 827 1997 crebrius
850 1939 1018 1999 autcarius
1040 1937 1094 1999 has
1118 1937 1252 2000 dilleren-

195 2055 251 2114 tias
274 2051 421 2113 vocalium
445 2063 474 2112 et
496 2052 721 2113 consonantium
745 2047 991 2110 sibiconcedunt
1013 2051 1029 2111 a
1052 2073 1059 2110 τ
1084 2073 1115 2124 a,
1134 2073 1164 2112 ,a
1188 2074 1196 2112 τ
1220 2074 1250 2147 e,

196 2187 302 2239 a:o,
335 2163 1250 2248 e:e,ezi,e:o,i:i,o-:o,o:uo,liq:liq,
1339 2233 1342 2240 ,

195 2276 263 2338 med
291 2298 299 2338 ε
330 2297 397 2359 asp,
439 2297 492 2360 asp
517 2299 524 2338 :
549 2298 617 2360 asp,
658 2274 757 2337 med:
781 2287 848 2349 ten,
888 2287 937 2337 ten
961 2297 967 2336 :
991 2279 1057 2358 t'en,
1102 2275 1143 2361 liq
1175 2278 1260 2338 ultra·
1350 2330 1352 2334 .

196 2390 419 2452 'consonantiam
445 2389 493 2452 vel
511 2388 611 2450 media
634 2391 835 2451 consonantia.

263 2503 424 2586 Tempus
457 2501 488 2562 2.
524 2501 609 2564 *lude
638 2524 655 2563 a
682 2501 779 2564 medio
808 2501 925 2562 saeculo
955 2499 1129 2564 duodecimo
1159 2525 1254 2589 usque

196 2616 235 2680 ad
256 2617 375 2678 ultimos
397 2615 503 2700 viginti
527 2613 658 2697 ejusdem
681 2614 790 2677 saeculi
816 2636 918 2676 annos,
966 2612 1094 2700 Syllabis
1117 2615 1254 2680 finalibus

196 2729 328 2793 refractis
357 2731 566 2790 consonantiae
594 2727 758 2812 bisyllabae
781 2739 919 2790 sonantes
942 2729 1086 2814 simulque
1109 2733 1254 2793 maximae

197 2824 386 2906 adducuntur
407 2843 611 2928 negligentiae.
659 2839 773 2904 Octava
795 2862 935 2904 versuum
957 2862 1042 2926 pars,
1073 2845 1144 2927 quin
1167 2846 1254 2906 etiam

198 2957 274 3020 duae
296 2957 442 3040 poematis
464 2967 564 3039 partes
594 2956 802 3017 consonantiis*
816 2975 877 3016 non
899 2968 1036 3017 accurate
1059 2954 1143 3019 lactis
1167 2956 1255 3042 docle-

198 3081 348 3133 corantur.
373 3065 485 3131 Solitae
509 3067 707 3153 indiligentiae
729 3066 785 3129 hae
808 3078 891 3128 sunt:
919 3069 959 3128 a:
977 3090 1008 3142 a,
1034 3091 1073 3130 a:
1091 3092 1139 3143 ae,
1165 3093 1253 3146 aze,

199 3186 296 3258 ati,
333 3203 439 3256 azo,
475 3185 576 3256 eze,
612 3182 708 3255 eti,
743 3202 846 3254 eto,
879 3183 1115 3256 e:iu,i’.i,
1148 3185 1253 3261 i:ie,

198 3299 306 3370 i:ei‚
347 3297 455 3370 ὂεο,
496 3317 624 3369 oeno,
663 3293 815 3378 liq:liq‚
854 3293 1029 3378 liquem,
1062 3295 1252 3381 med:asp,

200 3431 252 3494 asp
277 3432 284 3469 :
309 3430 378 3492 asp,
414 3408 512 3470 med:
536 3421 600 3482 ten,
636 3420 685 3470 ten
708 3430 715 3468 ε
740 3419 804 3481 ten,
839 3407 967 3491 liquida,
997 3411 1126 3494 spirans,
1159 3415 1255 3474 tenuis

198 3523 277 3586 ultra
305 3523 541 3595 consonantiam,
584 3521 626 3606 liq
654 3542 719 3606 gem
748 3543 755 3582 t
784 3521 826 3605 liq
854 3532 884 3581 et
909 3520 990 3595 med,
1035 3521 1103 3585 med
1131 3547 1138 3586 :
1172 3523 1279 3599 med‚.

198 3636 240 3721 liq
255 3658 262 3697 ε
279 3637 355 3720 spir,
385 3635 449 3720 liq:
466 3656 534 3719 asp,
566 3656 668 3696 verum
699 3637 785 3696 etiam
809 3637 1017 3702 consonantiae
1042 3639 1255 3721 agrestissimas

201 3762 229 3811 et
251 3748 514 3834 inelegantissimae
536 3751 732 3833 reperiuntur.

268 3863 428 3947 Tempus
453 3861 481 3925 3.
528 3861 597 3924 lnde
627 3861 664 3924 ab
693 3863 802 3924 ultimis
831 3865 935 3948 viginti
958 3865 1066 3927 saeculi
1090 3849 1257 3927 duodecimi

201 3980 284 4040 annis
313 3998 408 4061 usque
438 3975 476 4036 acl
503 3975 630 4037 medium
659 3975 807 4037 saeculum
835 3979 953 4039 tortium
981 3978 1132 4040 deoimum.
1181 3976 1256 4041 Cum

200 4129 409 4141 .....-..--....—-

260 4219 277 4282 ¹)
306 4215 344 4269 ed.
363 4216 553 4278 Lachmann,
581 4216 667 4269 Berlin
687 4215 763 4270 1841.
