3012 4872
451 1292 841 1393 PRAEFATIO.

118 1797 236 1916 Quum
263 1835 374 1900 lorinoe
402 1846 543 1922 po‘e'seos,
574 1839 747 1922 priusquam
778 1847 839 1898 arte
862 1845 1019 1920 po'e'tarum
1042 1836 1174 1902 clabora-

117 1980 179 2041 tur,
217 1989 278 2029 non
307 1967 428 2030 arbitrio
458 1979 487 2028 et
514 1967 697 2050 singulorum
727 1965 880 2029 voluntate
910 1969 1085 2052 gignantur,
1123 1968 1175 2032 sed

114 2100 199 2182 poesi
232 2101 297 2182 ipsa
333 2098 568 2184 circumscriptae
602 2097 661 2158 sint
689 2107 718 2158 et
741 2098 918 2158 constitutae
942 2107 971 2158 et
994 2118 1054 2159 cmo
1077 2117 1174 2182 neque

116 2228 173 2290 alio
196 2227 285 2290 modo
309 2239 406 2290 mente
429 2238 572 2310 concepta
594 2226 633 2289 ad
654 2226 748 2288 lucem
768 2228 886 2311 possint
906 2225 983 2288 dari:
1008 2227 1054 2290 his
1073 2225 1174 2292 lormis

116 2369 240 2420 naturae
263 2371 292 2420 et
313 2358 511 2442 proprietates
533 2366 719 2441 po'e'matum,
745 2377 804 2441 quo
827 2369 960 2440 tempore
984 2356 1062 2420 sacta
1085 2358 1175 2422 etad

117 2507 192 2571 quae
220 2496 345 2572 poeseos
374 2507 482 2572 genera
504 2485 657 2550 reserenda
678 2488 752 2562 sint,
783 2486 1011 2549 luculentissime
1035 2491 1174 2571 cognosci

117 2629 147 2680 et
167 2619 294 2702 perspici
316 2628 451 2703 possunt.

183 2746 312 2810 Scientia
340 2749 430 2832 igitur
456 2758 593 2809 accurata
616 2749 738 2833 originis
761 2747 937 2822 formarum,
970 2759 999 2810 ct
1022 2746 1172 2832 quomodo

116 2879 171 2941 hae
194 2879 224 2940 in
246 2889 412 2961 temporum
435 2875 561 2940 decursu
584 2879 719 2941 excultae
741 2879 801 2938 sint
821 2879 941 2952 notitia,
966 2890 1027 2940 tam
1049 2880 1080 2940 in
1098 2877 1173 2940 litte·

116 3030 213 3086 rarum
236 3008 365 3070 omnium
387 3027 475 3092 quam
496 3009 526 3068 in
547 3009 730 3092 singulorum
750 3017 876 3091 poeseos
894 3029 1034 3092 generum
1050 3008 1174 3071 historia

115 3141 214 3224 magni
236 3139 376 3200 momenti
398 3150 468 3201 sunt
497 3158 555 3224 qua
579 3137 614 3200 dc
636 3159 668 3200 rc
692 3137 865 3220 disceptatio
889 3137 1172 3224 historico-philolo-

116 3273 182 3355 gica
205 3268 388 3353 (lc'potscos
411 3267 512 3332 formis
541 3271 674 3354 quemvis
703 3270 886 3354 antiquitatis
910 3281 1054 3332 amantem
1072 3243 1173 3354 =capiet

116 3412 146 3463 et
168 3399 331 3463 delectabit.
528 3375 532 3384 ,

183 3530 271 3612 Quod
294 3529 332 3592 ad
353 3531 459 3614 potsin
481 3529 654 3592 theotiscam
678 3533 795 3605 attinet,
820 3552 912 3616 quum
933 3533 989 3592 viri
1009 3532 1048 3593 illi
1072 3537 1172 3594 omn'es

115 3663 315 3734 illustrissimi,
356 3663 407 3745 qui
444 3661 473 3722 in
511 3660 614 3724 litteris
651 3661 804 3724 theotiscis
841 3664 951 3725 versati
985 3675 1069 3738 sunt,
1109 3675 1172 3725 tum

115 3795 242 3856 maxime
276 3789 435 3855 Carolus
469 3791 677 3854 Lachmann
717 3792 753 3855 ad
790 3792 1009 3877 cognoscendas
1045 3803 1171 3878 poeseos

89 3995 92 4000 ¹
115 3924 224 3986 formas
247 3923 339 3984 multa
362 3935 391 3986 et
413 3945 519 4008 magna
543 3924 655 3999 attulit3
680 3927 779 4010 itaque
802 3925 936 3988 meliores
958 3937 1058 4010 partes
1082 3924 1171 4008 hujus

115 4053 343 4129 dissertationis,
383 4056 413 4115 in
448 4075 506 4139 qua
542 4054 580 4117 ad
612 4064 737 4139 potseos
772 4055 932 4119 theotiscae
968 4067 1171 4120 ornamentum

945 4198 957 4253 l
