3012 4872
685 1470 708 1479 -
735 1449 775 1492 der
793 1450 854 1492 Reim
877 1451 906 1492 iet
927 1447 971 1492 dae
990 1448 1072 1492 Wescn
1095 1448 1134 1492 der
1150 1449 1215 1502 Luft,
1239 1447 1275 1492 die

653 1527 796 1571 attrectantur
813 1526 850 1570 dte
865 1526 955 1572 Summe
972 1524 1011 1570 der
1027 1527 1122 1580 Bzeuer,
1141 1541 1218 1570 moran
1235 1526 1275 1570 der

655 1603 729 1648 Wmd
742 1603 840 1648 etreicht.

743 1698 835 1762 Jxacob
851 1700 964 1752 Grimm,
984 1699 1035 1742 uber
1048 1699 1090 1742 deu
1105 1697 1259 1743 altdeutscten

844 1777 1038 1836 Meistergesang,
1051 1791 1110 1836 pag.
1125 1781 1177 1823 1⁶1.

214 1981 307 2090 Satis
342 2032 458 2085 constat
491 2024 567 2084 inter
597 2041 697 2083 omnes
731 2021 842 2106 ubique
872 2024 978 2106 poesin
1007 2021 1160 2107 ungerem
1187 2026 1273 2108 prius

213 2155 302 2238 quam
330 2155 437 2238 potsin
465 2151 654 2215 artificiosam
684 2154 856 2236 apparuisse
885 2164 1048 2238 posteaque
1072 2169 1139 2215 etun
1162 2176 1197 2216 ea
1220 2153 1287 2217 tiu-¹

126 2248 151 2352 ,ι
211 2305 301 2348 rasse.
354 2285 457 2348 Potsis
494 2283 652 2346 artificiosa
687 2303 778 2368 quum
814 2295 879 2346 orta
914 2294 971 2357 est,
1008 2282 1117 2346 formas
1146 2295 1272 2369 po‘e'sees

211 2417 342 2501 vulgaris
376 2418 407 2477 in
434 2395 473 2478 -se
506 2417 617 2500 recepit
651 2435 759 2499 easque
795 2413 967 2477 elaboravit.
1025 2414 1149 2478 Formae
1183 2419 1278 2502 igitur

211 2557 337 2632 poeseos
360 2547 492 2632 vulgaris
521 2529 635 2630 priores
662 2557 732 2608 sunt
758 2557 787 2608 et
808 2545 998 2631 principales,
1031 2566 1046 2608 e
1070 2545 1178 2631 quibus
1203 2549 1272 2610 arti-

200 2677 329 2742 vfieiosae
351 2687 478 2762 pot'seos
501 2655 612 2739 ferinae
634 2678 948 2760 posteaexstiterunt.

276 2808 392 2872 Iudiciis
420 2809 601 2893 gravissimis
631 2809 851 2894 antiquissimae
873 2817 1000 2892 potsees
1022 2809 1154 2893 vulgaris
1179 2809 1271 2872 adnu-

107 2950 113 2957 “
211 2947 292 3004 m'ero
321 2961 426 3002 versus
456 2951 571 3001 tantum
599 2939 796 3024 rhythmicum
834 2960 904 3024 opp.
928 2941 1070 3014 metricis,
1107 2943 1272 3026 quantitate

210 3070 391 3156 syllabarum
416 3067 567 3132 'distinctis
588 3063 617 3150 ¹),
669 3069 748 3132 Num
782 3071 813 3132 hi
846 3070 1004 3156 rhythmici
1032 3091 1137 3133 versus
1166 3084 1272 3156 postea

210 3224 333 3264 numere
357 3200 537 3287 syllabarum
562 3199 681 3263 definito
705 3222 866 3263 numerove
891 3223 996 3264 arseen
1020 3213 1049 3264 et
1071 3201 1193 3264 theseon
1211 3200 1270 3264 ser-

210 3336 280 3396 mati
310 3335 383 3408 sint,
415 3355 452 3395 an
481 3342 588 3418 poetae
616 3353 806 3394 numerorum
834 3335 1053 3417 percussionem
1078 3334 1181 3395 animis
1205 3355 1270 3395 sen-

211 3467 331 3540 tientes,
363 3467 462 3526 siatim
490 3463 546 3526 hos
575 3484 678 3526 versus
707 3463 748 3525 ita
772 3452 970 3538 definiverint,
1003 3463 1132 3526 dubitari
1154 3475 1268 3548 petest,

210 3617 302 3680 quum
332 3599 363 3657 in
391 3597 587 3659 monumentis
618 3597 837 3680 antiquissimae
865 3605 990 3679 poeseos
1017 3595 1149 3681 vulgaris
1173 3606 1269 3658 certus

210 3749 315 3791 erseon
338 3739 368 3790 et
389 3727 513 3790 theseon
535 3747 674 3789 numerus
697 3728 869 3810 reperiatur.

266 4028 290 4094 ¹)
318 4027 501 4080 Ferdinand
524 4025 628 4090 Wolf,
657 4025 720 4079 iiber
744 4026 784 4080 die
807 4025 880 4092 Lais,
913 4028 1063 4099 Sequenzen
1085 4026 1139 4082 und
1163 4025 1266 4090 Leiche,

208 4131 362 4204 Heidelberg
382 4131 458 4186 1811.
477 4129 502 4185 8.
527 4149 582 4203 pag.
604 4129 644 4184 14.
666 4129 724 4184 158.

1019 4225 1056 4299 1'·
