3012 4872
721 336 771 406 39

132 621 135 632 ‚
214 551 293 602 sunt.
328 537 492 626 Postquam
515 541 776 604 consonantiarum
791 540 962 606 differentia
980 523 1043 626 jam
1059 543 1146 628 plane
1166 543 1273 620 eluxit,

213 662 320 737 potitae
361 652 451 716 modo
490 653 613 717 obtusas
650 653 740 718 modo
779 669 918 720 sonantes
956 654 1172 741 praeferebant.
1225 655 1275 720 Sic

213 765 435 830 Reinmarus
458 770 561 852 prior
590 780 619 830 et
640 767 891 834 Hartmannus
916 769 958 832 de
980 769 1059 836 Aue
1086 773 1117 832 in
1140 773 1274 834 carmini·

203 879 269 956 bus
292 880 392 966 lyricis
414 883 562 944 rarissime
586 887 786 946 consonantiis
810 883 985 946 sonantibus
1007 886 1053 946 usi
1073 895 1144 946 sunt
1165 879 1273 946 et'car-

212 987 400 1056 mentatum
428 992 519 1069 „der
546 994 753 1082 Nibelunge
782 997 903 1061 Noth”
934 999 1133 1062 consonantiis
1156 995 1271 1060 obtusis

212 1109 410 1190 compositum
445 1119 497 1169 ast.
554 1106 666 1172 Contra
700 1109 781 1194 apud
814 1110 984 1176 Ulricum
1019 1111 1060 1174 tle
1094 1110 1272 1173 Lichtcn·

212 1222 312 1282 stein
333 1214 360 1299 ¹)
390 1241 507 1283 carmen
535 1224 682 1306 reperitur
710 1225 739 1284 in
769 1243 828 1309 quo
858 1236 997 1288 sonantes
1025 1235 1141 1290 tantun
1167 1245 1272 1288 conso·

209 1335 331 1406 pennae
354 1345 434 1396 sunt.

276 1471 417 1535 Nonnulli
438 1482 545 1557 poetae
567 1477 614 1536 usi
637 1488 722 1538 sunt:

425 1738 459 1809 3.
513 1735 752 1808 Consonantia
791 1750 1057 1834 supersonante.

447 1861 522 1927 (Der
534 1865 762 1930 liberislinpende,
779 1867 917 1931 plattendc
932 1863 1034 1931 Reim.)

277 2011 360 2094 Quae
383 2014 577 2075 consonantia
600 2017 766 2098 composita
788 2027 833 2076 est
856 2013 953 2078 tribus
976 2015 1113 2100 syllabis,
1145 2037 1270 2102 quarum

209 2129 304 2211 prima
326 2126 415 2211 longa
439 2137 468 2188 et
490 2137 640 2210 oxytona‚
666 2127 756 2190 altera
780 2139 883 2204 atona,
909 2131 995 2191 tertia
1015 2141 1098 2192 muta
1116 2141 1175 2204 est,
1200 2151 1270 2194 eon·
1331 2123 1333 2128 Χ

205 2242 318 2324 junctis
348 2261 414 2302 cum
442 2238 538 2302 tribus
569 2239 700 2322 ejusdem
728 2244 866 2316 rationis3
902 2253 938 2304 ut
964 2242 1087 2323 napata
1108 2265 1116 2305 a
1140 2241 1269 2323 inpete,

208 2353 345 2415 dankcte
367 2375 374 2415 ε
398 2351 570 2428 ironiam
604 2354 696 2417 altera
709 2330 831 2440 ‘syllaba
858 2353 1007 2441 barytona
1029 2377 1149 2442 quoque
1170 2367 1271 2440 potest

209 2489 286 2543 esse,
324 2478 359 2530 ut
386 2465 559 2528 saoclaande
581 2489 588 2528 ε
610 2468 839 2548 pernoctando,
878 2466 1062 2552 bapiayende
1084 2492 1091 2531 ε
1112 2469 1269 2550 fiiayende.

210 2579 413 2644 Consonantia
435 2601 634 2666 supersonans
657 2603 726 2644 rana
749 2595 810 2657 est,
833 2581 886 2644 sed
908 2579 990 2666 apud
1014 2578 1268 2652 Gattlriedum

209 2693 250 2758 de
285 2692 522 2780 Stral'sburg,
569 2694 775 2758 Rudollum
813 2695 855 2759 de
892 2695 972 2757 Ems
1013 2695 1154 2777 imprimis
1189 2692 1270 2777 apud

210 2805 419 2871 Conradum
443 2806 483 2870 de
505 2807 735 2895 Wiirzhurg,
765 2807 913 2874 interdum
936 2805 1017 2891 apud
1039 2805 1204 2870 Ulricum
1227 2806 1268 2868 dc

208 2920 475 2984 Liohtenstein
503 2922 661 2984 invenitur.

273 3059 368 3124 Porro
393 3081 670 3124 commemoramus:

235 3301 269 3370 4.
321 3296 595 3372 Consonantiam
627 3296 790 3394 pluribus
826 3295 974 3394 syllabis
1009 3295 1241 3393 compositam

401 3452 481 3500 cum
509 3427 649 3526 syllaba
675 3426 770 3500 finali
798 3439 944 3498 accentu
972 3425 1072 3498 elata.

273 3602 353 3665 Haec
383 3605 575 3664 consonantia
604 3605 729 3687 primam
759 3604 969 3664 consonantiae
993 3597 1117 3662 obtusae
1141 3600 1267 3684 speeiem

209 3719 397 3801 aequiparat,
429 3715 536 3777 additis
563 3738 624 3778 una
652 3717 699 3778 vel
723 3714 839 3778 duabus
862 3713 982 3799 syllabis
1005 3711 1264 3798 praecedentibus,

208 3832 401 3892 consonantia
428 3832 556 3904 ornatis,
592 3841 627 3891 ut
654 3831 762 3890 immor
784 3834 833 3889 ma
856 3851 863 3890 ε
886 3830 1015 3888 nrinamar
1037 3831 1104 3902 me,
1138 3825 1267 3886 ermello

209 3942 392 4006 :hermelin
426 3943 492 4006 Jam
515 3942 644 4019 Oifried,
670 3945 803 4029 quamvis
826 3941 1000 4028 plerumque
1016 3939 1265 4004 hemistichiorum

267 4185 286 4252 ¹)
314 4185 512 4249 Fraueudicnst,
537 4185 576 4238 cd.
595 4185 780 4248 Lachmann,
804 4202 860 4256 pag.
880 4181 939 4237 403.
