3012 4872
577 1309 580 1312 ⁵
639 1327 790 1424 PARS
835 1330 881 1424 ll.

324 1564 379 1627 DE
417 1563 734 1628 CONSONANTIAE
770 1561 1002 1627 VERBORUM
1037 1562 1192 1628 FlNALlS

449 1675 739 1740 ACCURATIONE
771 1675 826 1738 ET
857 1674 1065 1740 MUNDITIE.

679 1891 838 1900 ——-—--—-

228 2078 269 2184 ln
293 2122 495 2206 antiquissima
518 2119 649 2201 cujusvis
671 2120 776 2204 populi
798 2109 883 2204 po'c‘si
903 2121 1114 2182 consonantiae
1130 2118 1291 2183 verborum
1319 2095 1322 2102 ¹
1392 2166 1396 2174 .

226 2233 328 2308 *finales
353 2236 440 2306 initio
470 2245 540 2295 sunt
567 2234 665 2294 minus
696 2244 851 2296 accuratae
880 2245 909 2295 et
936 2254 1030 2317 purae
1059 2235 1077 2294 i.
1103 2255 1127 2295 c.
1160 2231 1290 2319 syllabae
1350 2261 1354 2266 ·

228 2369 289 2408 non
310 2346 414 2408 iisdem
435 2346 527 2408 literis
542 2343 704 2408 ¹vocalibus
729 2357 758 2408 et
779 2345 1010 2408 consonantibus
1031 2367 1182 2408 connexae
1205 2359 1288 2422 sunt,

227 2481 331 2522 verum
345 2488 349 2498 s
365 2459 429 2522 sola
463 2461 634 2522 assonantia
652 2451 686 2536 ι).
722 2455 840 2541 eujus
869 2461 912 2520 rei
942 2479 1048 2520 causae
1077 2470 1147 2520 suut
1176 2463 1289 2522 variae:

228 2575 324 2657 primo
349 2575 426 2635 enim
450 2573 643 2660 consonantia
665 2570 760 2634 finalis
789 2569 972 2654 temporibus
996 2573 1206 2655 antiquissimis
1229 2593 1291 2634 non

228 2684 401 2759 ahhibctur,
432 2697 467 2747 ut
490 2705 575 2746 aures
599 2684 709 2758 titillet,
740 2683 793 2746 sed
817 2693 852 2745 ut
873 2683 1058 2746 hemistichia
1081 2683 1138 2745 sibi
1160 2687 1236 2747 inter
1259 2707 1290 2746 se

228 2796 438 2882 respondentia
462 2791 671 2882 conjungat')‚
696 2809 760 2860 tum
781 2806 886 2880 poetas
910 2799 993 2859 initio
1017 2809 1069 2858 aut
1089 2800 1155 2858 soni
1174 2797 1289 2882 elegan-

228 2913 312 2972 tioris
335 2932 439 2972 sensus
462 2910 514 2972 aut
534 2932 627 2994 purae
651 2911 860 2972 consonantiae
883 2907 1038 2995 fingendae
1068 2908 1193 2971 facultas
1217 2909 1289 2972 effu·

228 3045 298 3108 gere
325 3035 467 3107 possunt,
499 3008 624 3106 denique
652 3043 732 3084 nova
761 3043 895 3108 quaeque
925 3044 972 3084 ars
1002 3021 1077 3084 duro
1108 3021 1237 3106 quodam
1261 3035 1290 3084 et

229 3138 338 3222 agresti
372 3135 462 3199 modo
498 3146 660 3198 excreetur.
712 3135 844 3219 Linguae
872 3137 1066 3209 mutationes,
1104 3133 1212 3218 quihus
1242 3155 1289 3196 ars

229 3271 349 3336 quoque
378 3250 453 3312 solet
481 3251 668 3323 commutari,
705 3249 777 3311 haec
807 3238 1016 3311 consonantiae
1045 3231 1118 3310 vitia
1146 3247 1209 3330 jam
1238 3247 1289 3310 diu

230 3355 377 3428 exstantia
405 3384 513 3448 augere
544 3374 573 3424 ct
601 3380 795 3446 exaggerare,
829 3364 903 3424 vitia
932 3373 1030 3424 autem
1059 3344 1238 3423 comminuta
1260 3372 1290 3422 et
1333 3401 1339 3406 -

228 3499 322 3562 paene
343 3478 441 3540 excisa
462 3478 492 3537 in
512 3477 666 3559 pristinam
687 3474 859 3560 dignitatem
879 3473 1018 3536 reducere
1034 3485 1170 3557 possunt.
1201 3472 1288 3534 Tem·

287 3788 306 3852 ¹)
334 3785 365 3837 cf.
385 3785 427 3836 Dc
446 3785 475 3837 la
493 3782 728 3852 Villcmarqui,
750 3782 947 3844 Barzas-Breiz,
967 3781 993 3844 1,
1013 3799 1036 3850 p.
1049 3780 1144 3833 LVIll.
1164 3780 1233 3832 LIX.
1254 3808 1286 3817 -—

229 3879 384 3934 Wilhclm
409 3881 536 3943 Grimm,
567 3879 722 3931 altdiuischc
750 3877 943 3938 Heldcnlicder,
971 3876 1095 3929 Vorrcdc.
1125 3905 1158 3912 —
1195 3875 1286 3938 riez,

229 3966 320 4031 Poesie
340 3977 384 4030 der
403 3976 602 4039 Trouhadours,
626 3992 682 4046 pag.
703 3972 745 4026 96.

285 4076 306 4142 ²)
333 4073 364 4126 cl.
383 4073 575 4136 Lachmann,
599 4071 662 4125 tiber
681 4068 781 4122 otfried
804 4070 830 4120 in
853 4067 933 4120 Ersch
957 4065 1011 4120 und
1030 4065 1141 4118 Gruhcrs
1160 4062 1286 4134 lincyclo-

228 4170 329 4240 paedie,
354 4169 400 4222 lll.
420 4167 444 4222 7.
464 4187 487 4238 p.
504 4166 564 4222 281.

1038 4272 1055 4324 2
1068 4272 1077 4294 s
