3012 4872
693 363 857 470 ..aa-

249 583 387 657 quartam
411 573 490 632 arsin
513 569 707 632 consonantia
724 566 922 654 distinguens,
947 581 1045 631 tamon
1061 590 1150 632 unam
1166 571 1214 634 vel
1232 571 1307 634 duas
1388 647 1389 651 Ἰ
1498 653 1499 672 ἢ

248 683 428 770 syllabarum
452 682 685 745 antecedentium
709 703 871 744 consonare
890 694 969 744 amat
983 677 1020 762 ¹);
1044 683 1179 769 idemque
1195 687 1308 769 petitur

248 800 279 859 in
302 799 428 859 camnine
457 794 492 858 de
516 789 654 859 Sancto
677 795 803 871 Petro„
833 799 864 856 in
891 795 1034 880 psalmo
1061 796 1151 872 183,
1182 800 1212 859 in
1234 808 1307 882 pot·
1339 833 1343 846 ·

246 923 325 973 mate
348 909 384 972 de
406 908 559 972 Ludovico
584 921 638 972 etc.
687 908 769 990 Quae
798 912 991 973 consonantia
1016 907 1163 996 bisyllaba
1185 912 1232 974 vel
1255 914 1307 974 tri·
1349 896 1353 904 ¹

248 1021 362 1108 syllaba
396 1043 462 1084 cum
496 1021 611 1106 syllaba
642 1021 722 1084 finali
758 1034 880 1086 accentu
915 1021 989 1084 elata
1026 1022 1064 1086 ad
1099 1027 1306 1087 consonantias

247 1148 386 1198 sonantes
408 1157 470 1197 non
493 1147 537 1197 est
558 1111 727 1212 referenda,
751 1135 783 1198 id
806 1133 888 1220 quod
910 1133 1040 1198 Jacobus
1063 1135 1173 1200 Grimm
1197 1150 1226 1200 et
1241 1138 1307 1200 Ko-

247 1249 377 1312 ber'stein
399 1248 494 1310 lacere
523 1252 621 1311 eonati
645 1245 759 1329 suast).
808 1248 1017 1314 Consonantiis
1038 1253 1211 1334 posterioris
1234 1263 1307 1314 tem·
1353 1289 1355 1292 -

247 1365 329 1448 poris
354 1359 539 1424 sonantibus
574 1345 659 1425 litera
688 1383 705 1424 e
735 1375 825 1425 atona
860 1385 935 1448 opus
971 1375 1015 1424 est
1038 1385 1197 1448 earumque
1231 1364 1307 1426 duae

248 1473 378 1560 syllabae
410 1489 606 1538 consonantes
634 1479 665 1537 in
693 1498 783 1538 unam
814 1475 925 1538 cadunt
952 1478 1047 1551 arsin,
1081 1497 1172 1562 quum
1202 1501 1307 1541 conso-

248 1591 366 1652 nantiae
397 1591 504 1672 prioris
532 1591 673 1675 temporis
702 1588 867 1675 bisyllabao
895 1590 944 1652 vel
973 1587 1144 1675 trisyllabae
1167 1591 1206 1652 ad
1228 1595 1307 1654 arsin

247 1702 382 1764 thesinve
404 1724 466 1764 non
487 1705 647 1788 respiciant
670 1714 699 1766 et
721 1703 896 1788 plerumque
926 1705 956 1765 in
986 1701 1059 1765 duas
1088 1702 1194 1766 cadant
1216 1719 1328 1766 arses.¹

249 1811 282 1876 Si
306 1813 345 1876 ad
357 1795 462 1876 Jacobi
479 1813 590 1877 Grimm
613 1819 786 1879 sententiam
810 1814 947 1880 accedere
967 1815 1072 1891 velleS,
1099 1819 1307 1879 consonantias

247 1927 356 2010 prioris
377 1930 517 2011 temporis
539 1926 700 2014 bisyllabas
728 1951 746 1991 a
769 1927 945 1991 sonantibus
967 1932 1142 2014 posterioris
1165 1933 1307 2015 temporis

248 2060 309 2101 uon
332 2038 513 2116 dissentire,
531 2041 699 2127 trisyllabas
727 2045 935 2104 consonantias
959 2056 1203 2126 supersonantes,
1235 2065 1309 2129 qua·

248 2174 314 2214 rum
342 2152 472 2238 syllabae
499 2157 529 2216 in
554 2156 665 2228 thesin,
697 2158 789 2230 arsin,
822 2158 914 2230 arsin,
941 2165 993 2216 aut
1016 2157 1047 2216 in
1070 2159 1163 2230 arsin,
1194 2156 1306 2230 thesin,

249 2267 329 2326 arsin
357 2265 507 2341 caderent,
538 2270 569 2329 in
597 2270 792 2352 antiquissimi
814 2271 955 2353 temporis
978 2273 1063 2354 po'e‘si
1085 2272 1247 2344 loconiaco,
1277 2268 1309 2331 id

250 2377 332 2463 quod
355 2381 510 2464 exemplis,
543 2403 617 2466 quae
648 2380 729 2466 apud
752 2380 918 2445 Otsriedum
941 2385 1110 2458 cit-avimus,
1142 2395 1242 2467 potest
1264 2385 1308 2444 in-

249 2491 349 2577 telligi.
403 2492 469 2574 Qua
497 2515 529 2556 rc
558 2516 658 2558 omnes
688 2501 947 2560 consonantiarum
975 2497 1054 2582 leges
1084 2495 1306 2558 subvernmtur.

250 2603 469 2669 Consonantiac
490 2605 653 2693 bisyllabao
677 2621 707 2670 et
727 2609 897 2693 trisyllabae
927 2631 993 2672 cum
1021 2609 1136 2694 syllaba
1157 2610 1237 2672 faciali
1260 2632 1308 2672 ac·
1385 2693 1386 2696 Ἴ

250 2728 337 2780 centu
360 2718 435 2782 elata
459 2733 488 2782 et
509 2723 540 2782 in
559 2725 644 2806 poesi
660 2723 877 2807 antiquissima,
902 2743 976 2784 sono
994 2734 1023 2784 et
1037 2744 1160 2786 numero
1177 2736 1306 2798 creatae,

184 2880 189 2884 .
247 2841 404 2916 poetarum
434 2831 556 2896 arbitrio
586 2846 615 2896 et
640 2833 755 2896 libidini
778 2848 862 2898 erant
883 2838 1058 2921 permissae,
1087 2849 1123 2904 ut
1143 2840 1308 2921 posteriore

248 2943 416 3020 Neidharti‚
442 2942 571 3008 Conradi
594 2945 630 3008 de
645 2946 835 3034 Wtirzburg‚
859 2949 949 3014 Ulrici
973 2949 1009 3012 de
1030 2950 1229 3036 Lichtenstein
1250 2971 1309 3012 usu

210 3081 213 3088 ’
248 3057 403 3144 probatur.

315 3173 425 3236 Poetae
448 3173 542 3236 ultimi
567 3173 733 3238 duodecimi
756 3176 865 3239 saeculi
889 3189 918 3238 et
939 3180 1017 3239 tertii
1042 3177 1145 3240 decimi
1161 3179 1308 3240 rarissime

210 3292 212 3296 '
250 3290 451 3348 consonantiis
473 3286 626 3371 bisyllabis
649 3302 679 3352 et
700 3288 860 3373 trisyllabis
882 3311 947 3351 cum
963 3288 1077 3375 syllaba
1091 3290 1172 3352 finali
1186 3303 1309 3354 accentu

250 3399 393 3464 elata'usi
416 3412 485 3463 sunt
508 3412 537 3464 et
558 3406 666 3485 partim
689 3389 807 3488 quidem
829 3416 864 3465 ut
889 3405 993 3487 jocose
1021 3403 1171 3480 luderent,
1201 3407 1308 3489 partim

248 3526 283 3577 ut
306 3517 513 3577 consonantias
541 3526 694 3600 tangentes
720 3512 886 3596 (rillarcade
908 3513 1028 3596 Raima)
1042 3513 1064 3596 ³)
1093 3521 1199 3580 vetitas
1228 3530 1310 3604 tege·

307 3795 326 3860 ¹)
353 3796 470 3854 Har-tm.
492 3797 549 3852 toa.
570 3829 603 3836 -
624 3799 643 3851 1.
662 3780 704 3852 aa.
724 3798 767 3854 23.
787 3829 820 3838 -
839 3801 886 3854 111.
909 3799 948 3854 15.
971 3801 1010 3856 ιο.
1030 3832 1063 3840 -
1082 3803 1188 3856 tuaw.
1208 3802 1251 3856 20.
1265 3803 1307 3856 55.

250 3919 283 3928 -
303 3890 322 3942 1.
343 3889 385 3943 20.
405 3889 429 3944 o.
450 3923 482 3930 -
502 3895 522 3947 1.
542 3893 584 3949 23.
606 3892 646 3948 11.

306 3989 326 4055 ²)
354 3987 479 4044 Deutsrbe
499 3990 652 4044 Grammatik
675 4011 727 4046 von
750 3993 849 4047 Jacob
870 3997 999 4062 Grimm,
1025 3995 1044 4049 l.
1065 3963 1106 4051 lbi
1127 4025 1160 4034 —
1184 3995 1309 4052 Kobar-

150 4108 164 4123 ι
250 4085 347 4148 stein,
373 4083 524 4140 Gasehichte
540 4087 584 4140 der
603 4086 740 4142 deutschen
759 4090 1006 4158 Nationalliteratur‚
1034 4110 1092 4165 pag.
1111 4090 1154 4145 tl.

306 4182 327 4247 ⁸)
354 4170 405 4234 vid.
425 4182 449 4233 5.
