3012 4872
553 309 801 456 ,Α

192 563 255 643 jam
278 557 486 642 antiquissimis
501 553 685 638 temporibus
700 554 843 615 videmus.
869 551 919 615 Sic
935 575 1051 616 carmon
1067 555 1102 616 de
1115 555 1250 621 Sancto

198 664 395 756 Georgio)
418 668 495 731 binis
524 666 665 729 brevibus
696 669 842 728 continuis
872 648 1070 730 consonantiis
1100 683 1145 732 cst
1173 693 1251 734 com·

196 788 326 870 positum
348 781 401 844 sed
422 779 569 842 interdum
592 782 678 842 tertia
700 780 747 840 vel
770 782 856 842 etiam
881 793 987 864 quarta
1010 794 1038 844 et
1054 785 1155 866 quinta
1171 806 1251 846 acce-

199 898 243 960 dit
265 897 465 958 consonantia.
501 894 571 957 ltcm
594 895 625 954 in
647 893 816 954 Heinrici
839 888 1021 973 Litania')
1046 895 1166 958 candem
1183 920 1252 962 con-

198 1012 364 1073 sonantiam
388 1007 483 1068 decies
506 1009 660 1090 repetitam
683 1009 856 1086 invenimus.
891 1006 923 1066 ln
947 1009 1029 1090 'opica
1049 1013 1134 1091 potsi
1158 1011 1252 1074 ultimi

155 1140 160 1151 ·
198 1123 307 1185 sacculi
330 1120 495 1182 duodecimi
510 1131 540 1180 et
559 1122 645 1202 primi
660 1121 739 1181 tertii
756 1117 872 1193 decimi,
898 1140 986 1203 quam
1003 1125 1147 1184 continuis
1163 1123 1251 1185 modo

200 1236 397 1299 consonantiis
420 1254 504 1294 usam
535 1253 597 1293 esse
627 1235 733 1294 scimus
765 1231 886 1294 eandem
916 1238 1136 1297 consonantiam
1165 1259 1252 1322 saepe

201 1349 304 1412 afferre
318 1368 380 1408 non
395 1358 458 1408 erat
471 1349 655 1430 permissum.
679 1345 790 1407 Potma
806 1394 824 1419 „
834 1345 898 1406 dor
911 1345 1124 1432 Nihelungc
1139 1350 1251 1412 Noth'’

200 1476 229 1524 ct
250 1459 437 1524 Rudollus
461 1458 503 1520 de
525 1459 604 1520 Ems
627 1459 704 1519 hanc
718 1459 812 1542 legem
827 1459 1028 1542 neglexerunt.
1063 1461 1190 1524 Wirnt
1213 1463 1253 1526 de

201 1572 436 1656 Grascnbcrg
476 1573 615 1633 articulos
656 1574 790 1633 carminis
829 1571 1018 1655 Wigalois
1058 1574 1153 1637 tribus
1191 1577 1255 1639 [init

200 1689 398 1750 consonantiis
429 1697 458 1746 et
487 1682 685 1747 Conradus
715 1683 756 1746 de
784 1685 1001 1770 Wiirzburg
1030 1688 1185 1751 exordium
1208 1712 1254 1751 ar-

199 1801 436 1862 tificiosissimum
462 1797 691 1881 Engelhardi
729 1797 829 1859 eadem
864 1802 1057 1862 consonantia
1085 1805 1253 1885 saepissime

199 1925 293 1976 ornat.

265 2027 298 2087 In
330 2025 422 2108 lyrica
455 2026 540 2107 poe'si
573 2028 831 2086 consonantiarum
863 2026 1021 2089 cumulatio
1051 2043 1253 2093 ornamentum

199 2141 392 2224 praecipuum
414 2137 504 2197 suissc
526 2135 659 2210 videtur,
685 2139 732 2198 cui
754 2140 881 2221 primum
905 2139 985 2222 apud
1003 2140 1027 2202 F
1033 2142 1255 2206 riedcricum

200 2252 243 2314 de
265 2251 293 2312 H
301 2269 415 2311 ausen
443 2249 637 2322 occurrimus,
667 2249 747 2310 nullo
778 2251 840 2332 ejus
866 2255 991 2336 vestigio
1022 2255 1102 2337 apud
1125 2255 1254 2340 Spcrvo-
1324 2340 1328 2346 .

200 2365 305 2450 gelum.
339 2362 539 2423 Heinricus
563 2361 605 2421 de
627 2355 789 2441 Rucke³)
814 2362 934 2426 eandem
951 2372 1172 2430 consonantiam
1191 2371 1253 2453 jam

200 2479 356 2562 quinquies
379 2477 499 2557 repetit,
531 2474 583 2536 sed
609 2477 738 2535 maxima
761 2473 1019 2540 consonantiarum
1042 2483 1200 2543 cumulatio
1224 2487 1254 2545 in

199 2563 295 2674 primo
318 2587 536 2649 llartmanni
560 2586 601 2648 dc
623 2587 701 2649 Aue
724 2586 821 2648 libello
846 2584 1019 2672 (Bitcltler'n)
1042 2593 1109 2655 iude
1133 2617 1254 2658 aversu

202 2704 287 2764 1645
310 2703 459 2763 invenitur
470 2697 501 2778 ¹¹).
536 2700 651 2762 Primus
672 2702 812 2762 articulus
834 2704 953 2787 triginta
975 2703 1101 2768 duorum
1114 2730 1254 2771 versuum

200 2816 275 2879 duas
298 2817 428 2877 continet
450 2816 671 2888 consonantias,
700 2813 820 2874 alteram
844 2814 980 2877 obtusam
1004 2818 1124 2881 alteram
1147 2843 1254 2884 sonan-

68 2920 74 2933 ’
169 2915 172 2919 ’
200 2942 273 3003 tem,
311 2949 386 3012 quae
421 2927 548 2988 sedecies
582 2939 772 3010 repetuntur3
808 2927 881 2989 alter
909 2929 1048 2991 articulus
1080 2931 1154 2994 duas
1184 2935 1254 2996 alias

198 3043 407 3124 consonantias
437 3052 466 3100 et
495 3039 570 3100 duos
598 3061 702 3100 versus
729 3042 826 3100 minus
856 3060 944 3123 quam
973 3045 1085 3126 primus
1114 3041 1255 3109 articulus

199 3152 305 3228 habet3
329 3155 432 3234 tertius
456 3149 529 3212 duas
553 3150 623 3212 alias
648 3153 853 3213 consonantias
878 3153 1012 3238 duosque
1033 3178 1135 3219 versus
1158 3163 1254 3222 minus

200 3288 288 3349 quam
318 3267 390 3328 alter
419 3265 574 3339 articulus,
604 3276 674 3339 etc,
705 3264 797 3326 donec
826 3263 922 3326 libello
953 3266 1008 3328 hac
1036 3290 1068 3331 rc
1097 3273 1162 3354 ipsa
1188 3272 1254 3335 linis

198 3381 375 3460 imponatur.

265 3490 383 3551 Lud'um
412 3490 589 3575 singularem
619 3489 699 3574 apud
724 3490 967 3571 Waltherum‘
988 3517 1058 3556 von
1090 3494 1153 3559 dor
1181 3497 1254 3560 Vo-

257 3803 275 3866 ¹)
303 3801 348 3851 Ho
355 3799 497 3852 f’imanns
516 3801 728 3872 Fundgrubenl,
748 3819 804 3872 pag.
826 3799 859 3853 10
878 3815 935 3872 sqq.

255 3898 275 3962 ¹)
304 3895 500 3948 Hoffmann's
519 3897 692 3968 Fuudgrubcn
711 3896 744 3959 ll,
764 3915 820 3967 pag.
839 3896 899 3949 215.

254 3995 274 4056 ¹)
302 3991 368 4042 Man.
389 3989 491 4044 Samml.
518 3991 537 4044 l
562 4010 618 4062 pag.
638 3991 695 4043 98¹³·
722 3992 771 4044 Str
792 3990 816 4045 6.

255 4089 274 4151 4)
302 4085 349 4138 Dic
368 4077 467 4149 Licdcr,
486 4087 608 4139 Btichlcin
626 4087 680 4139 und
699 4088 743 4142 der
760 4090 961 4144 armelleinrich
981 4091 1183 4144 sonllartmann
1202 4111 1252 4145 tou

197 4181 265 4242 Aue,
290 4180 328 4233 cd.
348 4183 466 4234 Morrtc
485 4184 603 4252 Haupt
628 4183 733 4256 Leipzig
754 4183 829 4238 1842
