3012 4872
757 282 811 410 18!

318 548 389 612 Sine
423 548 514 611 dubio
530 600 532 604 .
550 551 663 633 integer
696 547 762 610 finis
798 548 933 610 carminis
956 544 1219 610 Wcssosontii
1251 545 1309 608 huc

250 664 425 747 pertinuerit

464 835 571 900 tiuflun
594 856 629 896 za
652 833 904 898 widarstantanne

464 952 523 1011 enti
546 969 596 1010 arc
618 969 654 1010 za
675 951 841 1031 piwisanne

464 1063 523 1123 enti
547 1060 637 1122 dinan
659 1062 778 1123 wilieon
801 1083 837 1124 za
859 1061 1090 1147 gawurehannc.

318 1228 362 1288 Ita
383 1226 442 1288 late
465 1229 675 1302 consonantiae
697 1226 791 1289 finalis
820 1247 893 1288 usus
917 1226 998 1312 apud
1021 1225 1173 1301 Saxones,
1196 1226 1311 1312 Angio-

168 1393 171 1399 .
252 1361 394 1415 saxones,
415 1338 671 1424 ¹Septentrionales
694 1339 826 1401 nondum
848 1342 947 1424 patuit
976 1342 1007 1402 in
1034 1343 1179 1425 potmatis
1202 1342 1310 1425 prioris

172 1500 175 1510 ,
244 1455 327 1515 'illius
351 1455 507 1538 temporis;
531 1474 577 1515 me
599 1463 676 1514 certe
692 1455 790 1514 omnia
806 1452 939 1538 exempla
955 1451 1130 1537 effugerunt.
1167 1451 1228 1516 Sed
1241 1453 1311 1514 huie

250 1569 327 1628 mori
351 1579 380 1628 et
409 1569 589 1629 contrarium
618 1569 776 1628 invenitur.
814 1566 847 1627 In
875 1566 1092 1651 posterioribus
1123 1569 1199 1628 enim
1226 1565 1311 1627 theo-

251 1653 330 1742 tiscis
353 1681 513 1763 poematis,
538 1701 614 1765 quae
639 1679 701 1762 jam
716 1679 793 1740 -sola
815 1678 974 1742 verborum
998 1683 1190 1742 consonantia
1212 1683 1312 1740 nitun-

252 1804 316 1865 tur,
341 1804 438 1853 tamen
461 1796 609 1854 intersunt
623 1792 757 1853 nonnulii
771 1814 875 1854 versus
900 1795 965 1877 qui,
991 1795 1200 1874 consonantiae
1216 1791 1311 1852 finalis

251 1925 289 1966 ne
311 1907 470 1988 vestigium
494 1905 612 1991 quidem
629 1907 827 1981 continentes,
852 1917 950 1968 vetere
966 1905 1015 1966 illa
1031 1905 1231 1968 ailiterationis
1246 1904 1312 1988 lege

252 2011 431 2102 regantur¹).

290 2141 293 2145 ’
318 2131 473 2193 Postremo
496 2132 585 2207 mihi,
611 2129 692 2216 quod
715 2132 922 2192 consonantias
945 2133 1043 2192 minus
1063 2142 1198 2192 accurate
1218 2127 1312 2191 iactas

253 2248 330 2306 inter
353 2245 555 2329 exemplorum
581 2265 713 2308 meorum
734 2245 896 2306 'numerum
923 2223 1097 2329 receperim,
1121 2265 1223 2317 nemo,
1248 2244 1313 2326 opi-

253 2379 323 2431 nor,
348 2359 421 2418 vitio
444 2369 548 2420 vertet.
583 2355 659 2419 Nam
681 2359 706 2418 si
729 2359 937 2419 consonantias
959 2355 1059 2418 finales
1084 2355 1191 2418 saeculi
1215 2357 1312 2416 octavi

254 2481 283 2533 et
304 2473 375 2531 noni
399 2451 500 2532 eddom
524 2472 723 2532 existimemus
747 2491 813 2531 cum
836 2469 970 2532 libertate
992 2469 1080 2554 fingi,
1106 2490 1165 2554 qua
1188 2469 1312 2530 allitera-

253 2585 364 2644 tionem
387 2581 517 2665 ejusdem
541 2585 618 2656 aevi,
643 2582 691 2643 vel
714 2584 738 2643 si
760 2581 849 2644 modo
867 2604 930 2654 eam
944 2582 1109 2645 libertatem
1124 2583 1312 2655 concesseris,

254 2716 313 2780 qua
336 2695 438 2755 ultimo
463 2695 580 2756 sacculo
604 2716 684 2756 nono
710 2692 858 2757 Otiried
880 2716 953 2757 usus
977 2708 1035 2770 est,
1060 2696 1193 2757 iocorum
1217 2706 1246 2757 et
1261 2715 1313 2756 ex-

156 2807 160 2816 ’
254 2807 418 2891 amplorum
441 2811 527 2892 eopia
544 2806 703 2869 admodum
720 2810 820 2892 augeri
835 2810 975 2892 potuerit.
1012 2808 1123 2870 Verum
1139 2809 1215 2870 enim
1229 2829 1311 2882 vcro,

254 2941 291 2980 ne
314 2923 356 2980 sic
381 2918 497 3004 quidem
522 2918 645 3004 aliquod
667 2924 877 2984 consonantiae
905 2921 1066 2984 vorborum
1088 2921 1183 2983 finalis
1202 2921 1253 3004 jus
1278 2942 1313 2983 eo

250 3032 314 3114 jam
336 3044 483 3116 tempore,
509 3053 568 3116 quo
594 3033 747 3096 alliteratio
776 3055 837 3098 rma
868 3034 1083 3108 dominaretur,
1106 3036 1240 3119 potueris
1262 3054 1314 3094 ne-

254 3166 334 3229 gare.
371 3141 466 3227 Cujus
485 3146 562 3227 juris
585 3148 764 3210 incrementa
793 3161 822 3211 et
848 3151 1003 3212 victoriam
1026 3150 1087 3210 sinc
1111 3146 1203 3209 dubio
1227 3168 1313 3210 accu-

253 3259 346 3318 ratius
382 3256 582 3321 demonstrare
611 3281 781 3343 possemus,
813 3263 870 3322 nisi
904 3273 965 3324 tam
999 3261 1090 3322 multa
1123 3271 1314 3322 monumenta

255 3369 415 3433 alliteratae
438 3380 564 3454 po'c‘seos
587 3371 770 3458 temporibus
793 3372 879 3436 nohis
904 3387 1000 3438 essent
1024 3386 1133 3459 erepta.

254 3531 465 3541 0———.-

266 3698 267 3704 1
312 3626 331 3692 ¹)
360 3625 472 3680 Otirieds
498 3627 583 3692 Krist,
612 3629 657 3708 cd..
681 3631 775 3683 Graii
799 3631 822 3694 l,
849 3630 931 3696 18,o
955 3661 989 3670 ·-
1009 3631 1033 3694 1,
1052 3630 1083 3694 5,
1103 3630 1127 3683 5.
1150 3629 1200 3685 138
1218 3631 1312 3704 Psairn,

254 3718 449 3774 Hoffmanns
468 3723 641 3794 Fundgrubcn
660 3724 680 3788 I,
699 3724 786 3796 pag.3
807 3735 853 3779 etc.
