3012 4872
729 353 751 420 7

659 449 820 462 Μ

211 563 424 647 composuerit3
447 581 509 623 non
532 557 662 622 dubitari
687 567 789 642 potest
819 559 891 641 quin
921 555 1024 618 ultimo
1048 554 1166 618 saeculo
1188 575 1269 616 nono

156 664 158 668 Ι
211 694 407 756 consonantia
429 690 525 754 finalis
548 692 578 752 iu
599 690 685 774 potsi
708 687 852 750 theotisca
873 687 1072 772 praevaluerit
1094 697 1124 748 et
1145 685 1270 748 allitera·
1304 767 1309 778 ,

210 825 320 886 tionem
350 825 469 885 omniuo
500 819 714 884 exterrbavcrit.
757 815 961 881 Consonantia
988 816 1149 892 verborum
1176 815 1270 878 finalis

210 974 306 1039 usque
330 951 369 1015 ad
391 951 520 1015 medium
542 951 692 1014 saeculnm
708 947 914 1012 duodecimum
930 947 1038 1011 obtusa
1057 985 1092 998 -
1111 947 1271 1010 masculina

210 1081 368 1161 (ΛΜΝ)
386 1109 422 1120 ··
438 1094 510 1158 erat,
535 1084 554 1145 i.
580 1103 604 1145 c.
628 1080 721 1144 verba
742 1080 845 1142 ultima
859 1091 975 1142 tantum
997 1078 1111 1165 syllaba
1127 1099 1271 1141 consona·

211 1212 299 1288 beata
336 1225 365 1276 et
399 1224 551 1288 accurata,
581 1210 682 1298 quoad
708 1221 816 1296 potitae
845 1209 985 1274 facultate
1013 1222 1043 1274 et
1076 1211 1271 1274 concinnitate

212 1343 402 1406 excellebant
444 1342 544 1407 Medio
574 1344 692 1406 saeculo
725 1340 899 1423 duodecimo
928 1340 1060 1427 syllabae
1089 1340 1190 1404 finales
1209 1341 1272 1423 jam

211 1476 253 1536 ita
276 1485 360 1537 erant
381 1473 540 1550 refractae,
563 1484 599 1536 ut
621 1495 722 1537 earum
743 1473 862 1536 vocales
886 1485 1008 1549 atenac,
1034 1472 1142 1558 quihus
1166 1493 1272 1534 conso·

212 1607 314 1666 nantia
335 1603 430 1667 finalis
454 1603 664 1680 adduceretur,
688 1626 750 1666 non
772 1605 897 1689 amplius
926 1602 1109 1680 sufficerent3
1134 1605 1273 1688 quocirca

212 1737 407 1798 consonantia
421 1732 568 1820 bisyllaba
582 1755 692 1797 sonans
708 1773 743 1784 -
759 1733 897 1797 feminina
914 1730 1090 1814 (klinqea'd)
1108 1773 1144 1784 -
1160 1733 1271 1796 auxilio

215 1877 260 1928 est
281 1877 404 1941 vocata,
429 1865 514 1949 cujus
537 1877 685 1928 certamen
708 1887 774 1927 cum
798 1860 1009 1927 consuetudine
1033 1876 1062 1927 et
1083 1875 1273 1949 usu-praeter

212 1997 487 2072 inconcinnitatem,
523 2016 599 2081 quae
632 2017 741 2058 novam
776 1997 910 2081 quamvis
945 2007 1037 2058 ortem
1070 1960 1271 2081 prosequitur,

211 2128 369 2190 maximam
390 2125 598 2212 negligentiam
617 2129 826 2189 consonantiae
840 2125 934 2188 finalis
951 2125 1046 2188 effecit
1060 2137 1091 2188 et
1103 2125 1270 2188 ruditatem.

212 2255 321 2320 Ultimo
346 2257 454 2320 saeculi
478 2255 644 2320 duodecimi
674 2257 837 2342 quadrante
860 2259 1120 2320 consonantiarum
1142 2256 1273 2320 finalium

217 2385 392 2451 obtusarum
426 2400 455 2451 et
488 2391 658 2451 sonantium
686 2409 759 2450 usus
789 2389 1006 2451 accuratissime
1035 2386 1272 2463 discernebatum

214 2522 423 2582 consonantiae
445 2520 675 2605 interlaqucatac
696 2518 744 2582 vel
766 2531 973 2602 concatenatae
994 2517 1274 2600 (ubersclaluqende

218 2649 292 2710 oder
324 2649 552 2711 ocrccltrtinlcte
585 2648 710 2728 Beime)
744 2646 921 2736 apparuere
947 2662 975 2712 ct
1012 2652 1273 2712 consonantiarum

215 2780 372 2844 mundities
402 2793 432 2844 et
460 2783 614 2867 integritas
641 2782 744 2844 ultimo
774 2782 892 2844 saeculo
923 2781 1097 2844 duodecimo
1119 2780 1157 2842 ad
1178 2782 1273 2842 maxi·

204 2933 292 3004 'mam
313 2924 458 2974 venerunt
479 2911 697 2996 perlectionem.
729 2911 780 2974 Ab
797 2912 853 2974 hae
873 2915 1059 2985 accuratione
1081 2933 1156 2997 quae
1178 2931 1274 2997 usque
1312 2987 1317 2996 x

215 3040 254 3104 ad
275 3042 403 3105 medium
426 3042 575 3104 sacculum
592 3041 735 3105 decimum
757 3045 876 3104 tertium
893 3042 1025 3118 duravit,
1048 3045 1137 3127 pauci
1158 3053 1274 3142 tantum

214 3181 321 3257 pottae
338 3171 491 3235 deflectere
507 3186 577 3235 sunt
592 3175 665 3235 ausi.
691 3172 847 3235 Paullatim
864 3173 985 3236 artificia
1001 3195 1120 3259 quoque
1139 3171 1274 3256 jucunda

216 3315 245 3366 et
259 3302 432 3366 festivitates
447 3308 478 3365 in
493 3306 716 3366 consonantiam
731 3306 913 3389 irrepserunt
932 3305 1063 3381 finalem,
1088 3327 1163 3391 quae
1178 3325 1277 3390 usque¹

216 3433 254 3497 ad
276 3433 405 3496 medium
428 3435 576 3497 saeculum
605 3438 724 3497 tertium
753 3435 896 3498 decimum
919 3439 1012 3522 magis
1040 3439 1192 3521 magisque
1222 3458 1274 3518 exj

215 3564 396 3650 polibantur.
425 3606 460 3614 —
492 3565 592 3650 Atque
632 3566 774 3629 lanctenus
814 3570 844 3628 in
884 3579 986 3630 nostra
1030 3545 1274 3629 commentatione

119 3707 121 3716 ’
215 3695 374 3760 verborum
410 3701 618 3762 consonantiae
652 3697 746 3760 finalis
774 3698 927 3760 historiam
953 3720 1183 3784 prosequemur;
1216 3700 1274 3762 hoc

216 3840 362 3912 tempore,
392 3841 426 3891 ut
451 3833 565 3915 poesis,
597 3834 638 3892 sic
667 3833 859 3892 consonantia
885 3831 979 3893 finalis
1014 3830 1151 3894 defloruit
1178 3851 1274 3915 neque

215 3960 340 4044 gratiam
362 3973 597 4036 venustatemvc‚
623 3982 698 4047 quae
721 3961 817 4024 medio
842 3962 958 4024 saeculo
983 3961 1198 4026 decimotertio
1223 3983 1274 4023 ex-

217 4089 352 4167 cedebat,
383 4114 513 4177 uuquam
542 4097 736 4181 recuperavit.
779 4094 849 4159 lude
878 4093 915 4157 ab
943 4093 1000 4158 hoc
1028 4074 1161 4181 tempore
1183 4090 1274 4156 verbo
