3012 4872
670 339 865 448 m...

255 551 298 631 lta
319 548 428 634 lyricus
451 548 497 610 his
521 546 705 632 temporibus
728 545 874 630 aequalis,
903 544 931 607 N
939 542 1122 626 eidhart¹)
1147 549 1221 610 ati
1245 569 1314 610 oon·
1407 569 1410 576 ’

255 665 358 737 nectit,
383 681 476 746 quum
499 683 599 726 omnes
622 659 683 723 iere
706 659 842 743 aequales
866 671 895 721 et
916 662 1095 743 posteriores
1117 660 1203 745 lyrici
1226 659 1325 723 actu-¹

254 777 414 837 ratissimas
437 774 546 838 faciant
569 775 785 838 consonantias
828 770 1029 834 Neidharti
1052 777 1312 836 consonantiarum

254 888 460 973 negligentiae,
484 890 585 972 poesi,
611 887 696 968 eujus
718 888 856 947 inventor
880 897 924 948 est
945 884 1094 962 bucolica,
1120 907 1195 971 quae
1218 886 1314 949 forma
1429 927 1431 930 -

255 1004 415 1086 agrestiore
443 1022 557 1086 semper
584 1002 693 1074 utitur,
731 997 906 1060 efficiuntur.
961 997 1155 1061 Corradus
1184 999 1312 1074 Fleolr,

256 1117 307 1199 qui
329 1135 445 1176 carmen
466 1113 577 1176 Flore
601 1125 635 1176 et
655 1105 956 1190 Blanscheflur')
980 1111 1212 1203 eiroaa.1230
1235 1132 1313 1174 eom-

186 1235 195 1250 '
254 1229 370 1310 posuit,
394 1207 737 1310 medzmed'oonjungit.
767 1223 957 1286 Rudolfus
982 1224 1023 1286 de
1045 1217 1160 1305 Ems³l
1183 1225 1310 1309 liqtliq,

254 1351 304 1402 ten
320 1362 327 1401 :
343 1351 406 1415 ten,
432 1361 484 1424 asp
500 1364 508 1401 ε
524 1351 574 1402 ten
595 1341 695 1400 nectit.
734 1337 806 1400 Der
830 1334 1041 1417 Striolrer⁴l
1064 1331 1105 1406 in}
1118 1335 1311 1423 carminibus,

254 1474 330 1538 quae
353 1465 498 1516 vorantur
526 1450 734 1528 „Beispiele”
763 1453 777 1512 i·
797 1452 838 1511 :i
869 1450 1032 1534 conjungit.
1078 1451 1111 1512 ln
1135 1449 1312 1543 earminilrus
1354 1517 1357 1520 ,

254 1564 345 1641 „der
372 1563 602 1628 Winsbeeke
630 1563 704 1656 und
736 1559 793 1626 die
821 1559 1129 1643 Winsheolrin”⁵)
1167 1566 1313 1648 reperitur

254 1681 344 1742 ati
373 1691 440 1742 ante
468 1680 509 1762 liq
532 1689 562 1741 et
584 1699 653 1762 asp,
683 1679 773 1752 izi,
804 1677 845 1761 liq
868 1700 875 1738 :
897 1676 947 1761 liq.

322 1792 421 1873 Quum
447 1791 597 1854 Ulricus
631 1789 673 1852 de
702 1789 878 1852 Tiirheim
913 1782 967 1873 qui
994 1793 1125 1873 po'e'mati
1154 1790 1312 1855 Gottfriedi

254 1906 375 1968 Tristan
389 1900 410 1984 ⁶)
439 1915 509 1988 post
532 1891 557 1964 a.
585 1901 670 1964 1240
693 1902 781 1964 finem
802 1904 945 1992 imposuit
973 1915 1023 1964 ten
1046 1926 1054 1964 ι
1077 1915 1127 1964 ton
1151 1882 1312 1989 conjungat
1339 1969 1343 1978 ,

251 2025 288 2082 ἰη
310 2017 417 2078 sellula
439 2040 447 2078 z
469 2015 663 2090 menonvalt,
684 2016 857 2100 litorumque
880 2035 900 2076 a
922 2013 1006 2077 verbi
1029 2015 1163 2092 Tristem,
1190 2030 1219 2079 et
1239 2039 1310 2102 pro·

254 2130 346 2194 durat
366 2141 395 2192 et
418 2131 558 2213 corripiat
581 2125 673 2213 (apud
694 2127 892 2192 Gottfriedum
914 2127 986 2190 haec
1006 2127 1092 2190 litera
1114 2149 1228 2213 semper
1246 2150 1311 2191 cor-

251 2239 375 2328 ripitur)
408 2239 602 2305 Corradus
636 2241 676 2304 de
705 2239 931 2326 Wiirzburg‚
967 2251 1057 2325 poita
1083 2241 1183 2326 paullo
1210 2253 1310 2326 poste-

251 2352 347 2436 rior⁷)
371 2357 603 2418 accuratissimos
626 2353 697 2417 facit
719 2355 935 2417 consonantias.
972 2351 1085 2416 Contra
1108 2353 1189 2438 apud
1210 2355 1310 2416 Kun-

251 2469 399 2533 hortum
423 2468 464 2532 de
488 2465 628 2561 §tollel
642 2464 664 2548 ⁸)
684 2466 911 2546 ersaelt291ielt
929 2469 1090 2550 reperitur,
1116 2479 1145 2530 et
1159 2467 1309 2531 Ulrious

250 2693 460 2702 n--—---

309 2839 331 2904 ¹)
355 2837 421 2890 Man.
443 2837 545 2890 Samml.
565 2839 598 2890 ll.
618 2837 660 2891 71.
680 2857 736 2908 sqq.
773 2839 947 2891 Benecke’s
966 2838 1091 2910 Beitr'age.

308 2933 327 3000 ¹)
355 2932 502 2985 Mtiller's
523 2932 861 3004 Sammlungaltdeutscher
880 2933 999 2988 Gediehte
1018 2935 1052 2987 ΙΙ.
1087 2933 1213 2988 Sommeri
1232 2936 1308 2990 editio

52 3025 61 3040 '
151 3063 155 3068 -
250 3029 312 3085 mihi
328 3039 382 3080 non
401 3035 454 3081 erat
470 3036 580 3096 praesto.

307 3125 327 3190 8)
354 3122 469 3195 Barlaam
487 3124 541 3176 und
558 3124 695 3194 iosaphat,
721 3124 759 3177 ed.
778 3125 896 3195 Ko'pke.
917 3155 950 3163 -
968 3126 1019 3178 Der
1037 3134 1098 3196 gute
1118 3125 1244 3191 Gerhard,
1270 3126 1307 3179 etl.

249 3220 361 3288 Haupt.
382 3247 415 3255 -
434 3217 614 3271 Weltehronilr
632 3223 667 3270 im
686 3219 741 3271 eod.
761 3238 824 3272 cass.
845 3220 887 3284 (el.
907 3219 959 3272 287
979 3229 1004 3273 et
1021 3219 1122 3287 2882).

306 3314 327 3380 ⁴)
354 3313 530 3366 Benecle's
555 3313 672 3384 Beitri'ge
696 3313 729 3365 11.
755 3343 788 3351 —
825 3315 939 3367 Daniel
963 3332 1025 3367 von
1049 3297 1255 3390 Blumhenthal
1282 3319 1309 3368 in

249 3407 411 3479 Nyerup's
443 3408 531 3478 Symb.
563 3409 601 3461 ad.
630 3409 679 3460 litt.
710 3417 773 3462 teut.
805 3440 838 3447 -
881 3410 1145 3481 Wawelrernagel's
1175 3412 1308 3465 Lesehuch

249 3521 305 3574 pag.
325 3503 377 3556 559
397 3521 454 3573 sqq.
473 3533 506 3541 -
532 3503 562 3554 cf.
581 3505 606 3556 J.
627 3503 756 3568 Grimm,
782 3507 905 3558 Reinlrart
922 3506 1020 3568 luchs,
1045 3505 1148 3574 praefat.

307 3598 326 3664 ⁵)
354 3597 392 3649 ed.
411 3599 532 3666 Haupt,
559 3598 665 3669 Leipzig
685 3599 760 3652 1845.
788 3601 813 3653 8.

305 3693 326 3758 ⁶)
354 3692 392 3744 ed.
412 3693 605 3756 Massmann,
630 3695 735 3766 Leipzig
754 3693 831 3748 1843.
1115 3731 1118 3738 Δ

306 3787 325 3853 ⁷)
356 3787 637 3851 taratonlano,
661 3789 902 3844 sumtuum.
927 3821 960 3828 -
991 3794 1050 3844 ron
1076 3792 1120 3844 oo
1138 3792 1256 3855 manen,
1283 3795 1308 3844 tn
1352 3779 1356 3792 '

249 3881 395 3934 Miiller’s
420 3882 568 3954 Sammlung
591 3884 611 3936 Ι.
638 3913 670 3922 -
701 3885 901 3956 Engelhard,
927 3887 965 3939 ed.
985 3888 1101 3956 Haupt.
1121 3915 1154 3926 ··-
1187 3886 1308 3954 Trojani-
1394 3867 1397 3872 ,

45 4033 50 4042 ,
153 3984 154 3987 ’
249 3977 322 4030 soher
338 3977 430 4048 Krieg,
455 3981 481 4030 in
499 3979 648 4032 llliiller's
669 3981 817 4052 Sammlung
836 3981 883 4033 ΙΙΙ.

305 4073 326 4140 ⁸)
355 4073 485 4128 Gauriel
516 4091 578 4128 von
608 4076 770 4129 lluntavel
807 4078 833 4128 in
863 4076 1130 4148 Wackernagel's
1161 4077 1307 4140 Lesebuch,

248 4185 304 4238 pag.
324 4166 383 4221 643.
403 4187 459 4238 sqq.
